1982 3204
708 264 1151 299 RccnssslAs‘rtcA.
1532 256 1627 299 32:⁴5

240 369 392 427 thue
413 372 533 418 illum
554 373 667 418 eires
679 375 859 430 juvenes
878 375 1038 418 duxere
1058 374 1243 424 choreas,

297 436 445 494 Aptus
466 439 532 481 vir
551 440 685 491 bellis,
701 449 802 498 apta
820 440 961 498 puella
980 440 1114 483 viris?

239 501 373 546 Hune
394 504 551 547 festum
570 514 721 562 gentes
740 506 841 549 olim
863 506 1072 563 Priapeia
1092 507 1313 557 vocabant,

296 568 507 627 Optatum
527 572 668 628 pueris
689 572 1010 630 virginibusque
1029 572 1155 615 diem.

238 633 445 679 Nondum
466 637 623 681 defecit
644 646 766 682 vetus
785 638 1064 681 Ambarvalia
1084 638 1243 682 festus:
1449 654 1518 669 ’-

295 700 465 753 Festus,
486 711 532 746 et
551 704 771 755 innocuus,
792 712 1012 761 permanet
1031 704 1101 747 ille
1120 704 1223 747 dies.
1516 706 1625 744 1350

237 766 300 810 Et
318 782 445 823 quem
466 769 639 819 rurales,
661 770 782 812 finita
801 785 947 820 messe,
968 770 1107 813 coloni

296 832 410 878 Cum
430 834 600 878 Baccho
621 835 785 879 Cereris
805 836 1097 879 concelebrare
1117 835 1268 886 solent,

238 897 522 956 Temporibus
542 900 690 957 priscis
709 908 810 943 sunt
829 901 1119 944 Bacchanalia
1138 901 1266 952 dicta,

300 963 413 1009 Cum
434 965 523 1008 vini
543 965 732 1009 colerent
751 966 956 1010 ebrietate
976 966 1152 1010 Deum'.

238 1028 386 1073 Multa
405 1030 541 1073 tulere
561 1039 703 1088 patres
722 1031 807 1089 legi
827 1032 1039 1075 contraria
1058 1032 1229 1082 Christi,

296 1095 416 1139 Dum
436 1097 640 1153 populum
661 1105 891 1154 properant
909 1098 1132 1141 conciliare
1152 1098 1244 1141 sibi.

237 1160 285 1204 N
286 1176 336 1206 ee
354 1162 415 1205 sie
435 1163 619 1206 venisset
638 1164 815 1207 sortasse
836 1164 1050 1220 proselyta
1069 1164 1244 1215 multus,

298 1227 346 1272 Si
366 1243 453 1272 non
473 1245 499 1272 a
517 1229 654 1272 causis
674 1230 868 1287 pluribus
888 1239 1008 1273 aetus
1028 1238 1131 1273 erat.

237 1293 349 1339 Vita
370 1294 646 1339 sacerdotum
669 1296 834 1340 eunetis
854 1297 998 1339 odiosa
1017 1305 1134 1340 erat:
1167 1297 1251 1340 illis

295 1360 466 1419 Ingenii
485 1370 562 1405 aut
581 1378 747 1405 morum
766 1363 905 1420 gratia
932 1363 1051 1406 nulla
1069 1363 1167 1406 suit.
1518 1363 1631 1403 1360

237 1425 354 1470 Nam
376 1427 491 1470 tristi
509 1428 720 1484 gravitate
741 1430 950 1485 superbus
969 1429 1192 1486 hypocrita
1211 1445 1339 1485 quem
1360 1443 1445 1471 non

299 1493 504 1545 offendit,
527 1509 789 1550 quamquam
809 1503 964 1538 eaetera
982 1495 1132 1538 doctus
1152 1495 1308 1539 homo?

239 1558 329 1614 Qui
349 1560 502 1617 spretis
521 1560 614 1603 aliis
634 1561 800 1618 sapiens
820 1561 915 1604 vult
935 1561 1048 1604 solus
1067 1561 1214 1605 haberi

294 1625 357 1669 Et
375 1626 473 1678 dici,
494 1627 690 1683 quamvis
710 1627 771 1670 nil
792 1627 898 1670 sciat
915 1627 987 1670 ille
1007 1627 1134 1678 boni;

236 1690 272 1735 J
274 1700 370 1735 usta
389 1693 468 1736 tibi
487 1693 595 1737 solvi
615 1693 692 1749 qui
712 1693 902 1750 postulat
920 1694 1073 1743 omnia,
1094 1709 1259 1737 summo

296 1758 459 1814 Adque
478 1758 627 1802 datum
647 1768 854 1816 punctum
868 1760 967 1815 jure
986 1759 1243 1816 geometrico
1259 1776 1270 1809 3

238 1824 340 1882 Ipse
359 1831 502 1868 tamen
522 1825 651 1868 solvit
670 1842 747 1868 sua
765 1826 964 1869 libertate
982 1834 1144 1883 poetae:

297 1889 431 1935 Hune
450 1891 611 1934 socium
633 1891 734 1935 vitae
753 1891 911 1934 dixeris
931 1907 1021 1935 esse
1048 1893 1232 1935 bonum?

239 1956 460 2013 Compulit
478 1957 533 2000 ad
554 1957 771 2000 Christum
791 1958 881 2001 vita
900 1958 1092 2015 improba
1108 1957 1402 2002 Saerifieorum

298 2023 463 2067 Multos
484 2024 644 2067 soelioes
664 2025 957 2082 ingenuosque
977 2025 1103 2068 viros.
1524 2027 1634 2067 1370

240 2089 414 2148 Quippe
433 2106 583 2148 parum
604 2099 785 2148 possunt
803 2091 986 2134 insulsos
1004 2092 1117 2135 serre
1136 2091 1291 2149 pudioo

298 2155 479 2214 Ingenio
498 2157 602 2208 nati,
623 2173 711 2200 non
731 2157 966 2214 inopesque
986 2157 1079 2201 viri.

243 2222 330 2267 Sed
348 2222 486 2267 multo
505 2223 648 2280 plures
669 2223 802 2266 traxit
820 2223 1062 2267 communio
1081 2223 1234 2273 vietus,

299 2287 560 2345 Quanquam
580 2289 675 2333 illos
695 2290 857 2346 inopes,
873 2289 1183 2347 contiguosque
1202 2288 1318 2331 fami.

242 2354 329 2398 Soc.
362 2354 475 2399 Siste
488 2356 681 2413 gradum.
721 2355 935 2410 Quoniam
950 2371 1030 2399 nee
1043 2356 1195 2406 adhuc,
1211 2354 1256 2397 in
1270 2354 1455 2411 imagine
1472 2353 1634 2398 Christi

302 2420 403 2465 Aut
424 2421 586 2473 Sancti,
606 2422 838 2479 quiequam
858 2438 986 2466 oerno
1005 2438 1085 2480 ego
1104 2422 1241 2465 inesse
1261 2420 1374 2463 mali.

246 2484 344 2529 Non
363 2501 456 2544 ego,
476 2487 513 2530 si
531 2487 691 2539 flector,
713 2489 749 2531 si
768 2490 899 2532 verba
917 2488 1090 2532 effundo
1109 2495 1371 2545 precantum,

305 2550 439 2608 Sique
457 2568 573 2597 meos
586 2554 730 2598 oeulos
749 2554 913 2598 detinet
931 2554 1117 2612 effigies:

246 2616 351 2661 Non
370 2617 433 2661 illi
452 2618 612 2671 flector,
632 2636 719 2664 non
737 2620 944 2677 alloquor,
965 2630 1042 2664 aut
1061 2620 1165 2664 eolo.
1229 2618 1378 2663 Solum

305 2681 395 2727 Oro
414 2683 571 2736 Deum,
591 2700 746 2730 nomen
765 2686 907 2744 cogito
927 2694 1070 2730 mente
1090 2685 1187 2729 Dei.
1525 2686 1636 2725 1380

249 2748 372 2792 Tune
391 2748 492 2793 deos
510 2749 661 2794 Romae
680 2751 816 2795 eredis
835 2751 1090 2795 simulachra
1108 2749 1274 2795 videri?

574 2887 586 2909 ¹
612 2888 722 2935 [vide
739 2889 973 2934 muman,
988 2889 1146 2938 Angliee,
1161 2901 1195 2938 p.
1211 2888 1310 2935 663]

385 2950 509 2986 vuL,
530 2950 583 2986 V.
1430 2951 1458 2985 C
1476 2951 1504 2984 C
