1982 3204
343 290 439 342 370
893 303 1161 337 HISTORIA

403 410 643 468 Scripturas
663 412 840 455 verbum
861 412 934 467 qui
956 419 1085 468 negat
1105 427 1193 454 esse
1211 410 1308 462 Dei,

342 477 575 521 Consilium
596 477 775 520 Patrum
796 478 988 534 periisset
1009 477 1365 534 philosophorum,

399 544 569 599 Resque
589 544 735 601 ignota
755 544 866 587 foret
885 543 1102 600 spirituale
1123 543 1274 586 sorum.
1644 546 1727 587 770

343 609 460 666 Ergo
481 609 630 653 Fidem
653 610 838 653 tenebris
859 611 995 653 visum
1017 617 1082 652 est
1101 610 1316 653 involvere
1337 609 1488 660 densis,

400 675 572 732 Proque
594 676 676 719 Dei
697 678 825 719 verbo
846 676 1023 718 subdere
1044 678 1173 719 verba
1193 691 1290 718 sua:

343 741 411 785 Ut
430 742 502 792 sic,
524 742 625 784 dum
645 757 767 799 reges
787 749 953 798 regeret
978 741 1197 798 Scriptura
1215 741 1373 792 fideles,

405 808 667 865 Scripturam
688 815 899 865 regerent,
921 815 972 851 ut
992 808 1176 858 voluere,
1195 807 1362 850 Patres.

343 874 514 917 Primus
534 874 587 916 ad
607 874 830 931 imperium
851 875 962 917 clero
983 874 1067 916 fuit
1086 874 1155 917 hic
1175 874 1344 930 gradus,
1366 873 1478 916 unde

403 941 530 984 Sacra
550 941 697 984 vident
716 941 882 998 placitis
904 941 1074 983 subdita
1098 939 1266 996 Scripta
1292 940 1389 982 suis.

341 1009 424 1051 Sec.
457 1007 541 1050 Dic
560 1007 677 1058 mihi,
700 1022 827 1063 quam
848 1022 1015 1050 causam
1036 1006 1182 1063 populi
1203 1006 1419 1049 conversio
1440 1006 1561 1056 tanti,

400 1073 598 1130 Regibus
618 1073 778 1124 invitis,
799 1080 888 1116 tam
910 1073 1174 1128 celeremque
1195 1072 1374 1115 habuit?

347 1141 426 1185 Pr.
457 1140 672 1196 Imprimis
693 1139 809 1190 fecit,
831 1154 1056 1182 numeroso
1076 1138 1247 1194 cognita
1266 1146 1388 1189 teste,

402 1206 554 1251 Occiso
574 1206 760 1249 Domino
780 1206 946 1249 reddita
958 1205 1047 1248 vita
1066 1205 1218 1247 fidem:
1651 1206 1735 1246 780

345 1273 461 1316 Tum
482 1272 596 1329 quod
616 1279 682 1315 tot
703 1271 901 1316 Christus
922 1270 1125 1313 miracula
1144 1270 1303 1313 fecerat
1322 1270 1425 1327 ipse,

402 1339 629 1394 Tantaque
649 1337 845 1394 discipuli
866 1343 952 1380 tam
974 1335 1199 1379 manifesta
1219 1335 1303 1378 sui:

347 1405 562 1461 Quodque
581 1420 700 1447 suam
720 1404 857 1447 lucem
881 1402 1044 1447 Christi
1064 1401 1257 1445 doctrina
1275 1402 1440 1445 ferebat

406 1471 573 1522 Secum,
595 1477 816 1527 cogentem
838 1469 1110 1526 simplicitate
1131 1484 1217 1511 sua.

346 1538 476 1582 Adde
497 1537 612 1594 quod
632 1537 684 1579 ad
706 1536 927 1581 Christum
948 1535 1105 1592 populo
1126 1535 1324 1578 veniebat
1344 1535 1397 1577 ab
1418 1532 1547 1584 omni,

407 1604 453 1649 Si
473 1604 542 1648 cui
562 1603 739 1647 sacrifici
760 1618 846 1646 non
866 1602 1062 1659 placuere
1083 1600 1162 1643 sui.

346 1671 636 1715 Israelitarum
658 1669 717 1713 sic
737 1684 918 1726 regnum
938 1666 1159 1711 transtulit
1179 1665 1280 1709 olim

403 1738 560 1780 Fastus
580 1736 804 1778 Elidarum
817 1736 996 1792 junctus
1016 1731 1219 1776 avaritiae.

347 1804 493 1847 Turba
511 1803 712 1858 frequens
733 1807 824 1844 erat
843 1801 945 1851 haec,
967 1806 1012 1843 et
1031 1799 1214 1842 habebat
1240 1795 1413 1840 nomina
1432 1795 1568 1838 multa

406 1869 638 1919 Nobilium,
660 1874 783 1911 notos
802 1866 1048 1922 divitiisque
1067 1865 1192 1908 viros.
1655 1863 1739 1905 790

348 1935 503 1979 Traxit
522 1942 566 1978 et
585 1935 656 1990 (ut
675 1934 785 1984 dixi)
807 1933 965 1976 multos
984 1930 1171 1988 aequatio
1191 1928 1304 1979 vitae,

406 2002 643 2057 Mensaque
663 2000 897 2043 communis
917 1998 1038 2055 queis
1058 2003 1149 2041 erat
1168 2011 1254 2038 una
1273 1994 1414 2038 Fides,

349 2068 513 2119 Doctis,
534 2067 727 2118 indoctis,
743 2067 843 2109 'fidis
864 2066 990 2110 simul
1010 2071 1055 2108 et
1074 2062 1295 2112 simulatis,

408 2134 518 2178 Haec
537 2133 798 2191 paupertatis
819 2133 942 2176 dulce
962 2133 1156 2175 levamen
1176 2135 1279 2172 erat·

351 2200 624 2246 Crescentem
643 2214 868 2242 numerum
882 2200 971 2254 jam
992 2212 1078 2240 non
1099 2195 1326 2238 mirabere:
1358 2206 1543 2247 namque

410 2267 554 2311 Crevit
575 2280 675 2309 vera
693 2265 836 2316 Fides,
860 2262 1200 2321 Hypocrisisque
1221 2258 1359 2302 simul.

351 2333 551 2389 Denique
572 2346 761 2374 summus
781 2331 914 2374 honor
933 2329 1070 2373 doctis
1090 2327 1177 2370 fuit
1195 2326 1240 2368 in
1260 2339 1390 2383 grege
1411 2319 1598 2368 Christi:

413 2399 604 2442 Maxima
625 2395 889 2441 Christicolis
909 2395 1001 2437 haec
1019 2394 1106 2436 fuit
1124 2391 1311 2435 ambitio.

354 2465 439 2509 Sed
459 2463 572 2520 quod
593 2478 678 2506 non
698 2462 870 2505 fuerant
889 2461 1049 2511 eadem,
1071 2466 1116 2501 at
1135 2456 1349 2501 contraria
1367 2454 1498 2506 docti,

411 2530 675 2587 Principium
697 2528 879 2585 primum
901 2525 1118 2570 seditionis
1139 2530 1241 2567 erat.
1657 2522 1743 2562 800

355 2602 440 2643 Sec.
474 2597 594 2652 Quos
614 2596 759 2638 doctos
780 2594 956 2637 narras?
987 2591 1200 2646 Quoniam
1221 2604 1300 2632 nec
1323 2587 1554 2645 Apostolus
1572 2585 1700 2638 ullus,

412 2662 711 2720 Discipulusve
732 2660 828 2710 fuit,
852 2658 967 2715 quod
995 2658 1093 2708 scio,
1114 2654 1398 2713 philosophus.

356 2732 433 2774 An
455 2730 609 2786 quibus
629 2727 847 2784 ingenium
867 2727 994 2769 breve
1014 2730 1118 2774 erat,
1140 2722 1213 2766 sed
1232 2722 1363 2765 barba
1382 2718 1615 2778 profunda;

415 2796 608 2851 Quorum
629 2808 750 2851 asper
769 2807 919 2843 sermo,
941 2789 1103 2833 lubrica
1123 2788 1212 2832 vita
1232 2786 1342 2837 suit3

356 2865 417 2908 Et
437 2878 544 2919 quos
563 2861 615 2904 ad
635 2859 806 2902 fraudes
826 2858 1048 2900 damnarat
1067 2854 1208 2898 inedia
1230 2853 1347 2904 viles,

413 2930 480 2974 Re
501 2928 667 2979 stultos,
689 2925 795 2970 falso
815 2923 985 2968 nomine
1005 2920 1304 2980 philosophos?
