1982 3204
229 233 304 265 vXX
945 232 1146 265 INDEX.

281 333 420 376 privato,
436 334 633 367 ceremoniae
647 344 720 366 esse
734 338 882 377 possunt.
898 333 966 366 ibid
976 347 1028 366 :—

285 382 363 409 sunt
398 377 651 410 invitamentum
689 377 919 416 simulationis,
964 389 1029 420 qua

284 431 391 452 causa.
410 420 490 453 ibid.

241 462 515 496 Caum—eorum
528 474 608 496 usus
623 468 674 496 est
689 463 777 496 inter
787 463 945 506 reliquias
957 463 1029 496 eth-

286 506 425 538 nicismi.
442 506 489 539 iii.
505 511 579 539 489.

242 550 502 582 Cqus—Deus
517 550 679 583 ethnicus.
697 549 742 582 iii.
759 554 810 583 90.

241 592 594 626 ΟΗῙιΡΕΜουε-ΥΘΧ
607 593 738 632 Galliae,
753 603 858 636 regno
873 593 1029 636 privatus.

286 635 334 667 iii.
351 639 403 668 96.

241 679 683 723 emmam—phantasma
725 679 945 722 compositum
989 690 1030 711 ex

286 722 538 765 phantasmatis.
552 723 573 756 i.
590 728 663 756 326.

245 765 566 809 ΟΗΙΝΑ-ὖεῳιιηεε,
597 766 713 805 Indiae,
743 771 778 798 et
807 765 925 798 Chinae
961 765 1033 797 loca

287 809 380 843 arida
393 815 572 854 peragrant
593 810 690 853 ejecti
706 809 930 847 ecclesiastici,
946 808 1032 840 redi-

287 853 355 884 turi
370 864 507 886 numero
522 853 634 896 plures
649 858 683 885 et
697 853 836 895 pejores.
852 852 899 884 iii.
917 856 989 885 507.

243 895 472 930 CHORDA—si
492 907 553 939 per
582 906 684 927 unum
711 895 845 937 aliquod
874 901 1033 937 punctum

286 939 362 973 duae
377 939 510 973 chordae
533 939 714 981 inaequales
737 938 900 971 ducantur
920 944 1034 970 mutuo

287 994 323 1015 se
338 989 498 1021 secantes,
513 989 663 1014 centrum
680 987 789 1014 autem
809 981 926 1013 circuli
947 981 1035 1013 inter

287 1037 343 1059 eas
367 1027 512 1069 positum
535 1036 602 1057 non
629 1025 682 1063 sit,
708 1030 742 1057 et
763 1035 875 1056 earum
902 1025 1035 1056 reflexae

287 1074 486 1102 concurrant
510 1068 709 1110 ubicunque,
747 1078 814 1099 non
851 1067 991 1099 ducetur
1017 1079 1036 1099 a

287 1118 411 1155 puncto
426 1112 514 1144 uncle
529 1111 657 1154 priores
672 1111 746 1143 duae
760 1111 868 1142 ductae
880 1116 957 1142 sunt
972 1110 1037 1142 alia

287 1162 380 1188 recta
394 1157 489 1199 cujus
514 1154 639 1186 reflexa
655 1159 800 1186 transeat
814 1164 874 1196 per
896 1153 1035 1185 duarum

290 1200 440 1248 priorum
456 1198 654 1230 reflexarum
669 1203 831 1240 punctum
851 1207 1035 1228 commune.

290 1252 314 1274 1.
326 1246 400 1276 237.

247 1285 512 1318 Cnmsws-et
527 1283 747 1317 Christianus.

289 1330 362 1372 ejus
393 1327 575 1361 similitudo
598 1326 727 1358 duobus
751 1325 864 1364 hircis,
892 1336 975 1368 quos
996 1326 1037 1358 ab

290 1371 451 1404 Israelitis
474 1369 652 1413 quotannis
674 1369 865 1412 requirebat
883 1370 986 1401 Deus.
1003 1369 1036 1401 ii.

294 1419 351 1447 121
363 1415 472 1447 :—ille
488 1419 560 1446 erat
575 1413 687 1444 hircus
706 1423 774 1444 non
796 1412 895 1444 modo
917 1415 1038 1453 sacrifi-

289 1464 386 1497 catus,
407 1458 466 1490 sed
489 1457 589 1489 etiam
612 1458 796 1487 emissarius.
812 1455 859 1487 iii.
875 1459 949 1494 350,
965 1460 1039 1488 351.

290 1503 363 1543 ejus
378 1500 524 1532 ministri
539 1499 704 1542 quomodo
719 1498 903 1532 alebantur.
916 1498 951 1531 ii.
969 1503 1038 1531 125.

291 1544 339 1576 iii.
355 1548 429 1576 393.

291 1587 412 1630 religio
441 1585 633 1620 Christiana
663 1596 729 1635 qua.
763 1595 864 1617 causa.
892 1589 1040 1628 tempore

291 1631 533 1673 Apostolorum
556 1628 734 1671 insigniter
749 1627 899 1660 creverit.
915 1628 949 1661 ii.
971 1633 1040 1661 129.

291 1673 338 1707 iii.
353 1678 444 1706 95-6.

292 1727 368 1749 cum
389 1728 408 1749 a.
422 1714 636 1748 multitudine
650 1714 851 1757 cingeretur,
867 1719 901 1747 et
919 1713 969 1746 illi
983 1715 1042 1757 qui

291 1760 328 1792 in
348 1760 446 1792 domo
473 1763 568 1792 eraut
594 1758 748 1790 exierunt
770 1762 809 1790 ut
837 1758 1040 1797 cohiberent,

293 1803 419 1836 Scribae
443 1803 602 1835 dixerunt
617 1801 705 1843 quod
721 1801 858 1833 haberet
871 1803 1040 1833 daenwnem.

292 1845 340 1879 iii.
354 1851 394 1879 63
403 1857 512 1878 :—cur
520 1845 654 1876 insanos
666 1849 703 1876 ut
714 1844 934 1876 daemoniacos
946 1855 1040 1876 sana-

292 1889 350 1922 vit.
361 1889 382 1922 i.
394 1894 435 1922 64
444 1887 586 1931 2—qu0d
601 1887 790 1930 objurgavit
804 1887 940 1926 febrem,
951 1887 1040 1919 haud

293 1932 373 1965 inde
410 1932 562 1974 sequitur
599 1931 727 1963 febrem
764 1941 836 1962 esse
862 1930 1040 1963 diabolum.

294 1975 557 2008 ibidz—-locutus
583 1976 624 2007 de
650 1973 770 2017 spiritu
792 1973 964 2005 immundo
984 1985 1041 2006 va-

272 2036 279 2049 »
294 2023 395 2061 gante
417 2023 494 2061 post
516 2019 644 2051 exitum
665 2029 707 2049 ex
732 2016 866 2048 homine
889 2027 949 2058 per
970 2017 1042 2050 loca

295 2061 398 2101 arida,
415 2061 496 2104 quid
511 2062 591 2095 vult.
606 2061 652 2094 iii.
675 2064 726 2093 65.

295 2104 378 2147 quid
393 2109 535 2138 testatur
549 2106 591 2138 de
609 2103 742 2149 justitia
764 2101 985 2136 distributiva.
1006 2102 1041 2136 ii.

294 2191 401 2232 gessit
415 2201 592 2234 personam
609 2190 685 2224 Dei.
701 2190 737 2222 ii.
753 2192 825 2221 132.
840 2188 887 2220 iii.
907 2193 977 2222 125.

295 2234 462 2273 Christus,
478 2234 594 2277 λόγος.
611 2234 646 2267 ii.
668 2237 727 2266 199
740 2231 881 2265 z—idem
897 2234 952 2263 lua·
974 2245 1045 2264 vera

298 2283 359 2309 etc.
385 2277 520 2310 ibid.:—
547 2277 673 2310 ontifex
688 2275 870 2308 secundum
893 2275 1043 2308 ordinem

298 2320 522 2352 Melchisedec
548 2345 555 2353 .
572 2320 606 2353 ii.
622 2324 695 2353 200.

296 2364 369 2406 ejus
385 2364 439 2396 lex
454 2366 490 2395 de
501 2366 647 2405 oequstate.
662 2363 697 2395 ii.
712 2366 775 2394 204
785 2361 910 2404 :—ejus
920 2361 976 2394 lex
992 2367 1043 2395 est

296 2406 351 2438 lex
368 2412 504 2439 naturae.
520 2406 554 2439 ii.
570 2410 644 2439 208.

296 2450 370 2492 ejus
396 2449 557 2482 doetrinae
583 2460 661 2492 pars
684 2453 735 2481 est
751 2450 843 2488 fides.
866 2449 901 2481 ii.
918 2452 1043 2481 208:—

297 2492 411 2524 eadem
427 2492 488 2524 sub
512 2494 582 2534 leyis
597 2491 730 2524 nomine
745 2502 811 2523 non
826 2491 1042 2535 comprehen-

296 2535 396 2568 ditur.
411 2535 491 2567 ibid.

295 2589 371 2611 cum
387 2589 478 2611 more
502 2577 627 2611 subditi
641 2577 776 2614 viveret.
791 2578 951 2611 tributum
968 2578 1042 2612 Cte-

297 2621 363 2654 sari
379 2627 412 2654 et
426 2621 592 2671 pendebat
606 2626 640 2653 et
655 2620 797 2654 Caesaris
812 2632 884 2654 esse
895 2632 1041 2664 pronun-

296 2665 410 2697 tiabat.
426 2664 461 2696 1i.
477 2669 550 2697 232.
566 2664 614 2697 iii.
630 2664 974 2697 1562—0bedientiam
989 2664 1038 2696 in-

297 2714 424 2750 tegram
447 2707 644 2750 requirebat.
659 2706 740 2739 ibid.
756 2706 836 2740 ibid.

298 2763 307 2783 (
323 2751 463 2783 uomodo
477 2750 511 2783 in
525 2750 636 2792 regnis
646 2760 763 2791 regum
773 2750 1041 2783 Christianorum

297 2763 465 2836 detegitur
490 2804 630 2835 regnum
661 2793 751 2826 aliud
773 2793 949 2837 spirituum
972 2793 1041 2826 sive

297 2837 461 2870 lemurum
486 2836 726 2870 ambulantium
750 2836 786 2869 in
811 2837 966 2870 tenebris.
992 2837 1039 2870 iii.

1097 335 1170 377 ejus
1185 333 1349 367 sententia
1363 333 1405 366 de
1424 334 1558 367 homine
1580 338 1659 367 nato
1679 345 1776 368 αωο-
1791 334 1839 368 iii.

1098 421 1188 452 mina
1202 420 1243 452 ab
1256 420 1315 452 illo
1330 420 1520 453 hominibus
1540 421 1581 453 ad
1603 420 1842 464 negotiandum

1098 464 1184 502 data,
1199 470 1250 495 est
1265 470 1356 496 reeta
1367 464 1461 496 ratio.
1475 464 1522 496 iii.
1538 469 1601 497 265
1610 475 1703 497 :—ea
1715 463 1756 496 ad
1767 465 1843 507 jus·

1098 507 1217 545 titiam,
1256 508 1357 546 eccm,
1370 518 1547 550 veramque
1566 507 1763 551 religionem
1782 517 1843 540 ex-

1098 550 1227 593 penden
1254 561 1272 582 a
1287 555 1345 582 est.
1363 549 1443 583 ibid.

1100 593 1128 625 si
1144 593 1226 625 fides
1241 604 1307 625 non
1323 593 1434 625 studio
1449 598 1482 625 et
1497 593 1635 633 ratione,
1655 593 1714 626 sed
1729 603 1844 636 super·

1100 636 1296 668 naturaliter
1320 636 1482 679 inspirata.
1505 637 1558 676 sit,
1578 637 1750 679 prophetae
1773 647 1845 669 om·

1101 690 1161 711 nes
1177 679 1360 713 Christiani
1376 686 1494 712 essent.
1511 680 1546 712 ii.
1563 684 1636 713 290.
1652 680 1699 712 iii.
1712 684 1788 712 233.

1101 734 1161 755 cur
1176 723 1317 754 Paulum
1332 723 1497 762 admonet,
1507 734 1549 756 ne
1563 729 1681 756 contra
1693 722 1846 756 stimulos

1101 766 1297 798 calcitraret.
1312 766 1346 798 ii.
1363 770 1438 804 336,
1452 777 1483 798 n.

1102 809 1143 841 ad
1167 815 1306 841 mortem
1329 809 1576 848 condemnatus,
1600 809 1679 859 quia
1703 820 1847 853 regnum

1102 852 1297 885 Judaeormn
1313 852 1492 895 postulavit
1507 852 1579 885 sibi.
1595 853 1642 885 i1i.
1656 857 1732 886 294.

1104 906 1205 938 quare
1221 895 1404 938 appellatur
1418 898 1546 928 verbum.
1561 896 1611 928 iii.
1627 900 1701 929 301.

1104 950 1168 981 qua
1184 950 1283 970 causa.
1298 949 1364 970 non
1379 945 1509 981 poterat
1523 939 1559 971 in
1581 939 1690 982 putria.
1703 949 1764 972 sua
1784 938 1848 972 mi-

1103 982 1216 1014 racula
1237 982 1377 1025 operari.
1393 982 1440 1014 iii.
1457 986 1573 1015 315·6.

1103 1030 1274 1075 peccatum
1286 1025 1410 1057 Adami
1423 1025 1574 1058 abolevit.
1585 1025 1632 1057 iii.
1646 1029 1772 1059 3212—
1794 1035 1849 1058 ro-

1103 1068 1181 1100 inde
1193 1068 1293 1100 vitam
1309 1068 1399 1100 illam
1416 1074 1571 1101 aeternam
1583 1080 1683 1112 quam
1697 1079 1738 1112 pe
1780 1069 1850 1101 'de-

1103 1117 1156 1143 rat
1172 1111 1333 1149 Adamus,
1343 1112 1561 1154 recuperavit.
1578 1112 1658 1144 ibid.
1667 1122 1850 1155 2—nempe,

1103 1154 1139 1186 in
1156 1155 1314 1186 Paradiso
1323 1155 1479 1188 futuram.
1494 1155 1574 1188 ibid.

1106 1197 1289 1231 Christiani
1306 1198 1420 1230 fideles
1433 1198 1554 1230 mortui
1566 1198 1769 1241 aliquamdiu
1780 1209 1850 1230 ma·

1105 1246 1195 1279 nent,
1211 1241 1378 1280 nimirum,
1393 1252 1498 1284 usque
1509 1241 1551 1274 ad
1565 1241 1851 1275 resurrectionem.

1105 1283 1153 1315 iii.
1170 1288 1243 1316 323.

1106 1327 1178 1370 ejus
1194 1327 1305 1366 verba,
1323 1327 1409 1358 Deus
1423 1339 1482 1359 non
1497 1333 1541 1359 est
1561 1329 1649 1359 Deus
1669 1333 1853 1360 mortuorum

1106 1372 1159 1401 sed
1168 1372 1335 1410 viventium,
1353 1381 1419 1412 quo
1434 1381 1534 1403 sensu
1556 1371 1783 1414 intelligenda.
1801 1370 1852 1404 iii.

1107 1417 1369 1456 324-5:-—quare
1397 1413 1486 1446 dixit
1514 1414 1624 1446 vivere
1647 1414 1853 1457 pau-imbus

1108 1456 1278 1499 quosdam,
1290 1456 1348 1499 qui
1360 1462 1438 1489 tunc
1453 1457 1575 1490 mortui
1587 1463 1706 1490 essent.
1714 1457 1765 1490 iii.
1776 1461 1853 1490 325.

1109 1500 1181 1542 ejus
1207 1510 1358 1542 regnum,
1385 1501 1520 1542 quando
1542 1500 1654 1534 veniet
1677 1501 1714 1533 in
1734 1500 1853 1544 gloria,

1109 1542 1173 1575 erit
1188 1543 1223 1575 in
1239 1548 1336 1575 terra.
1352 1543 1398 1576 iii.
1415 1547 1490 1576 326.

1108 1592 1245 1629 propter
1260 1587 1349 1636 quod
1364 1597 1439 1618 eum
1450 1587 1654 1630 appellamus
1666 1588 1854 1620 Ser-vatam

1086 1660 1089 1662 .
1108 1635 1252 1662 nostrum.
1268 1640 1315 1662 111.
1330 1634 1403 1662 331.

1110 1673 1182 1715 ejus
1207 1672 1411 1715 colloquium
1438 1683 1515 1705 cum
1540 1672 1680 1706 muliere
1709 1673 1855 1707 Samari-

1109 1720 1195 1748 tana.
1208 1715 1257 1749 iii.
1272 1719 1346 1749 333.

1109 1758 1201 1792 venit
1224 1759 1266 1792 ad
1288 1763 1420 1802 pactum
1437 1765 1531 1792 vetus
1557 1759 1792 1793 renovandum.
1805 1758 1855 1792 iii.

1108 1806 1171 1834 334
1181 1802 1276 1835 :—ad
1291 1803 1507 1844 regnandum,
1522 1802 1633 1836 veniet
1646 1803 1683 1836 in
1696 1802 1752 1836 die
1761 1802 1855 1847 judi-

1107 1845 1160 1878 cii.
1176 1845 1256 1878 ibid.
1271 1845 1306 1878 ii.
1322 1849 1397 1879 377.

1109 1889 1182 1931 ejus
1198 1899 1287 1921 mors
1303 1889 1501 1921 sacrificium
1517 1894 1644 1923 tantum
1660 1894 1742 1928 erat,
1753 1899 1856 1932 quan-

1109 1937 1181 1964 tum
1197 1942 1258 1974 pro
1273 1933 1418 1975 peccatis
1432 1932 1557 1975 placuit
1579 1934 1654 1966 Deo
1672 1938 1856 1976 acceptare.

1109 1975 1156 2007 iii.
1172 1979 1247 2007 335.
1684 1995 1686 1997 >

1109 2019 1182 2060 ejus
1214 2018 1323 2057 officii,
1349 2018 1385 2050 in
1415 2018 1606 2062 Scripturis,
1635 2023 1705 2052 tres
1732 2023 1855 2062 partes,

1111 2063 1328 2103 Redemptor-is,
1352 2064 1504 2101 Pastoris,
1528 2064 1628 2104 Βορῆ-
1655 2061 1704 2095 iii.
1729 2066 1856 2095 348:—

1112 2104 1170 2137 sed
1186 2105 1248 2137 sub
1262 2111 1356 2147 patre
1371 2115 1440 2138 suo.
1456 2105 1639 2138 ibid:—his
1654 2105 1856 2149 respondent

1111 2148 1177 2180 tria
1191 2152 1348 2190 tempora
1366 2148 1448 2180 ibid.

1112 2191 1184 2234 ejus
1199 2190 1322 2223 oblatio
1344 2202 1411 2223 non
1433 2191 1480 2223 ita
1500 2191 1727 2234 intelligenda,
1742 2195 1780 2224 ut
1793 2201 1856 2235 pro

1111 2233 1256 2276 peccatis
1270 2234 1417 2266 omnium
1433 2234 1604 2267 hominum
1627 2234 1726 2267 unius
1747 2233 1856 2267 homi-

1112 2276 1165 2308 nis
1191 2287 1280 2309 mors
1306 2277 1486 2309 secundum
1516 2277 1677 2319 iustitiam
1705 2277 1856 2310 strictam

1112 2319 1301 2352 satisfacere
1324 2320 1439 2363 possit,
1462 2311 1520 2352 sed
1549 2321 1628 2363 quia
1651 2321 1741 2371 quod
1761 2321 1856 2354 Deus

1112 2362 1256 2405 pretium
1281 2363 1518 2406 postulaverat,
1532 2363 1567 2396 id
1591 2364 1748 2398 Christus
1769 2374 1855 2408 pne·

1112 2405 1207 2438 stitit.
1222 2405 1270 2437 iii.
1285 2410 1422 2439 349-50.

1113 2448 1195 2491 quid
1209 2448 1280 2481 vult
1295 2449 1408 2481 dicens
1421 2461 1542 2491 reynum
1556 2462 1654 2483 meum
1667 2461 1727 2482 non
1741 2455 1786 2483 at
1797 2451 1856 2482 lm·

1103 2495 1166 2534 jus
1191 2494 1306 2523 mundi.
1328 2492 1375 2524 iii.
1400 2497 1475 2532 351,
1499 2497 1574 2526 420.
1597 2493 1632 2526 ii.
1655 2493 1856 2537 8782-eju8

1111 2545 1251 2577 regnum
1267 2540 1344 2567 unte
1355 2536 1631 2568 resurrectionem
1644 2536 1855 2580 incepturum

1111 2588 1178 2609 non
1208 2583 1267 2610 est.
1281 2577 1329 2610 iii.
1353 2583 1428 2618 351,
1448 2583 1523 2618 354,
1540 2583 1616 2619 359,
1638 2582 1713 2619 407,
1729 2583 1804 2612 410.
1819 2578 1857 2613 ii.

1111 2624 1174 2653 378
1183 2621 1489 2664 :—rcdemptorum,
1504 2629 1581 2655 ante
1594 2628 1737 2655 mortem
1751 2632 1855 2662 suam,

1110 2674 1171 2696 rex
1188 2674 1254 2695 non
1268 2664 1342 2697 fuit.
1357 2664 1404 2698 iii.
1421 2670 1495 2699 351.

1111 2706 1203 2739 venit
1216 2706 1251 2738 in
1264 2707 1422 2740 mundum
1435 2709 1523 2741 hunc
1538 2713 1576 2741 ut
1586 2712 1741 2751 regnaret
1754 2713 1790 2742 et
1798 2709 1855 2752 ju-

1110 2749 1246 2789 dicaret,
1262 2750 1320 2782 sed
1346 2751 1505 2784 mundum
1528 2751 1688 2785 futurum.
1702 2751 1750 2785 iii.
1773 2755 1854 2784 852:

1110 2793 1253 2825 —etiam
1270 2799 1307 2826 ut
1324 2797 1394 2827 Deo
1409 2805 1469 2838 per
1486 2801 1619 2838 pactum
1644 2805 1766 2828 novum
1785 2805 1856 2827 res·

1113 2835 1247 2868 titum-ot
1276 2847 1426 2879 rognum,
1450 2849 1470 2870 a
1492 2837 1615 2881 populo
1636 2837 1672 2870 in
1694 2837 1855 2871 electione

1112 2879 1202 2911 Sauli
1219 2881 1388 2923 rejectum.
1404 2880 1450 2913 iii.
1466 2885 1541 2913 352.
1556 2880 1590 2913 ii.
1606 2883 1682 2914 377.

1111 2924 1184 2965 ejus
1199 2922 1308 2963 officii,
1324 2923 1403 2956 dum
1418 2924 1454 2956 in
1469 2929 1559 2957 terra
1567 2923 1855 2968 vorsabaturfflu'·
