1982 3204
566 295 885 331 TRACTATUS
913 294 1162 328 oP'nctJS.
1458 285 1555 328 ‘239

167 415 226 458 ut
246 408 313 457 ak
335 408 399 457 ad
418 407 507 473 gf,
529 408 602 456 ita
624 406 716 456 AK
740 406 804 455 ad
827 406 922 455 GF.
965 405 1132 455 Quare
1156 412 1211 453 ut
1235 412 1308 452 est
1327 405 1560 454 inclinata
1609 422 1717 449 ιηωι».
1739 421 1811 449 xn.

168 501 232 533 ac
253 484 317 533 ad
354 484 638 532 inclinatam
681 482 740 530 be
762 482 838 530 vel
863 481 933 546 ρῘ,
968 488 1020 528 et
1053 488 1111 527 ut
1147 479 1560 543 perpendicularis
1612 468 1800 491 *ἡὴ

169 559 236 607 ak
257 559 320 607 ad
343 558 795 623 perpendicularem
833 556 881 604 ie
914 556 990 603 vel
1020 555 1112 620 gf,
1147 555 1197 602 in
1229 570 1328 602 una
1361 555 1561 603 inclina·

170 634 323 692 tione,
347 635 419 682 ita
455 641 531 681 est
572 632 805 680 inclinata
839 630 926 679 AC
949 629 1013 678 ad
1044 629 1329 678 inclinatam
1371 629 1452 677 BE
1483 630 1561 677 vel

171 707 269 767 BF,
293 717 345 756 et
367 706 782 772 perpendicularis
806 705 898 753 AK
922 704 987 752 ad
1009 703 1561 768 perpendiculareij

171 784 249 832 vel
273 783 370 842 GF,
394 785 443 831 in
468 783 623 830 altera
653 780 983 829 inclinatione.
1054 779 1228 842 Itaque
1251 779 1294 826 si
1320 779 1419 827 sint
1453 779 1563 826 duae

172 859 402 924 quaelibet
425 858 766 907 inclinationes
789 865 884 904 etc.
939 854 1087 904 Quod
1109 863 1217 903 erat
1239 854 1562 918 probandum.

626 1028 959 1063 PROPOSITIO
997 1028 1102 1062 XII.

177 1121 240 1171 Si
273 1120 376 1168 sint
412 1118 524 1166 duoe
558 1117 790 1183 quaelibet
825 1117 1171 1167 inclinationes
1201 1119 1459 1168 radiorum
1500 1118 1566 1166 ab

239 1195 409 1245 eodem
434 1194 592 1242 medio
614 1211 732 1242 raro
751 1194 824 1242 ad
843 1194 971 1242 idem
1008 1194 1216 1242 medium
1252 1195 1470 1254 densum,
1494 1193 1571 1242 vel

239 1278 430 1330 contra,
470 1270 632 1334 sitque
670 1269 964 1334 superficies
1003 1270 1268 1318 mediorum
1307 1269 1567 1318 communis

230 1346 416 1413 plana,
440 1346 538 1393 erit
562 1351 616 1393 ut
645 1345 784 1393 sinus
807 1345 986 1410 anguli
1026 1345 1362 1394 inclinationis
1399 1345 1472 1394 ad
1498 1345 1569 1399 si<

241 1440 353 1472 num
376 1419 554 1487 anguli
570 1420 782 1485 refracti
806 1421 854 1468 in
871 1437 967 1468 nna
991 1421 1324 1479 inclinatione,
1342 1421 1417 1469 ita
1431 1420 1569 1468 sinus

242 1497 422 1564 anguli
444 1495 779 1545 inclinationis
806 1495 879 1544 ad
898 1497 1056 1544 sinum
1078 1496 1256 1562 anguli
1277 1496 1495 1560 refracti
1518 1495 1569 1543 in

243 1574 412 1623 altera
434 1571 771 1621 inclinatione.

249 1674 327 1724 Sit
367 1673 570 1738 planum
593 1671 737 1721 chB
761 1688 1024 1720 commune
1048 1672 1258 1720 duorum
1294 1671 1567 1720 mediorum

177 1765 388 1816 quorum
419 1748 650 1813 primum,
688 1748 791 1797 sive
814 1747 867 1795 id
889 1747 1022 1811 quod
1054 1756 1130 1796 est
1152 1764 1301 1812 supra
1324 1747 1483 1806 chB,
1506 1747 1570 1795 sit

190 2838 374 2882 rarum,
387 2823 612 2885 alterum,
629 2825 730 2875 sive
748 2827 965 2876 medium
983 2825 1253 2875 secundum
1267 2824 1395 2872 infra
1410 2821 1513 2870 ch
1519 2820 1576 2878 B,

192 2898 413 2949 densum.
485 2900 595 2950 Sint
617 2909 783 2956 autem
802 2919 867 2952 ac
887 2911 940 2953 et
977 2903 1063 2952 Ac
1097 2901 1222 2951 radii
1260 2897 1480 2949 inclinati
1515 2895 1578 2944 ad
