<?xml version="1.0" encoding="UTF-8"?>
<!DOCTYPE html PUBLIC "-//W3C//DTD XHTML 1.0 Transitional//EN"
    "http://www.w3.org/TR/xhtml1/DTD/xhtml1-transitional.dtd">
<html xmlns="http://www.w3.org/1999/xhtml" xml:lang="en" lang="en">
 <head>
  <title>
</title>
<meta http-equiv="Content-Type" content="text/html;charset=utf-8" />
  <meta name='ocr-system' content='tesseract 3.04.00' />
  <meta name='ocr-capabilities' content='ocr_page ocr_carea ocr_par ocr_line ocrx_word'/>
</head>
<body>
  <div class='ocr_page' id='page_1' title='image "./operaphilosophic05hobbuoft/operaphilosophic05hobbuoft_0184.png"; bbox 0 0 1982 3204; ppageno 0'>
   <div class='ocr_carea' id='block_1_1' title="bbox 442 246 1513 298">
    <p class='ocr_par' dir='ltr' id='par_1_1' title="bbox 442 246 1513 298">
     <span class='ocr_line' id='line_1_1' title="bbox 442 246 1513 298; baseline 0.001 -6"><span class='ocrx_word' id='word_1_1' title='bbox 442 246 532 298; x_wconf 88' lang='grc'>176</span> <span class='ocrx_word' id='word_1_2' title='bbox 736 259 1023 294; x_wconf 73' lang='lat' dir='ltr'>PRINcimA</span> <span class='ocrx_word' id='word_1_3' title='bbox 1051 260 1118 293; x_wconf 76' lang='lat' dir='ltr'>Er</span> <span class='ocrx_word' id='word_1_4' title='bbox 1146 260 1513 294; x_wconf 80' lang='lat' dir='ltr'><strong>PROBLEMATA</strong></span> 
     </span>
    </p>
   </div>
   <div class='ocr_carea' id='block_1_2' title="bbox 1001 470 1266 518">
    <p class='ocr_par' dir='ltr' id='par_1_2' title="bbox 1001 470 1266 518">
     <span class='ocr_line' id='line_1_2' title="bbox 1001 470 1266 518; baseline 0 0"><span class='ocrx_word' id='word_1_5' title='bbox 1001 471 1139 518; x_wconf 91' lang='lat' dir='ltr'><strong>CAP.</strong></span> <span class='ocrx_word' id='word_1_6' title='bbox 1181 470 1266 518; x_wconf 89' lang='lat' dir='ltr'>VI.</span> 
     </span>
    </p>
   </div>
   <div class='ocr_carea' id='block_1_3' title="bbox 571 570 1687 636">
    <p class='ocr_par' dir='ltr' id='par_1_3' title="bbox 571 570 1687 636">
     <span class='ocr_line' id='line_1_3' title="bbox 571 570 1687 636; baseline -0.001 -17"><span class='ocrx_word' id='word_1_7' title='bbox 571 570 653 619; x_wconf 88' lang='lat' dir='ltr'>De</span> <span class='ocrx_word' id='word_1_8' title='bbox 675 571 867 619; x_wconf 80' lang='lat' dir='ltr'>ratione</span> <span class='ocrx_word' id='word_1_9' title='bbox 889 571 1161 636; x_wconf 80' lang='lat' dir='ltr'>perimetri</span> <span class='ocrx_word' id='word_1_10' title='bbox 1186 572 1256 619; x_wconf 79' lang='lat' dir='ltr'>ad</span> <span class='ocrx_word' id='word_1_11' title='bbox 1276 570 1472 619; x_wconf 80' lang='lat' dir='ltr'>radium</span> <span class='ocrx_word' id='word_1_12' title='bbox 1497 570 1687 618; x_wconf 81' lang='lat' dir='ltr'>circuli.</span> 
     </span>
    </p>
   </div>
   <div class='ocr_carea' id='block_1_4' title="bbox 152 670 1829 813">
    <p class='ocr_par' dir='ltr' id='par_1_4' title="bbox 152 670 1829 813">
     <span class='ocr_line' id='line_1_4' title="bbox 207 670 1829 736; baseline 0.001 -20"><span class='ocrx_word' id='word_1_13' title='bbox 207 690 298 717; x_wconf 64' lang='lat' dir='ltr'>cn.</span> <span class='ocrx_word' id='word_1_14' title='bbox 320 691 374 717; x_wconf 92' lang='lat' dir='ltr'>v1.</span> <span class='ocrx_word' id='word_1_15' title='bbox 437 685 473 718; x_wconf 91' lang='lat'>1.</span> <span class='ocrx_word' id='word_1_16' title='bbox 510 670 699 719; x_wconf 75' lang='lat' dir='ltr'>Ancus</span> <span class='ocrx_word' id='word_1_17' title='bbox 725 671 1056 734; x_wconf 87' lang='lat' dir='ltr'>quadrantalis</span> <span class='ocrx_word' id='word_1_18' title='bbox 1080 672 1278 736; x_wconf 76' lang='lat' dir='ltr'>aequalis</span> <span class='ocrx_word' id='word_1_19' title='bbox 1303 680 1377 719; x_wconf 88' lang='lat' dir='ltr'>est</span> <span class='ocrx_word' id='word_1_20' title='bbox 1414 671 1553 719; x_wconf 91' lang='lat' dir='ltr'>radio</span> <span class='ocrx_word' id='word_1_21' title='bbox 1584 687 1685 719; x_wconf 89' lang='lat' dir='ltr'>una</span> <span class='ocrx_word' id='word_1_22' title='bbox 1715 686 1829 718; x_wconf 90' lang='lat' dir='ltr'>cum</span> 
     </span>
     <span class='ocr_line' id='line_1_5' title="bbox 152 747 1044 813; baseline -0.003 -16"><span class='ocrx_word' id='word_1_23' title='bbox 152 775 198 803; x_wconf 62' lang='lat' dir='ltr'>De</span> <span class='ocrx_word' id='word_1_24' title='bbox 219 777 329 804; x_wconf 51' lang='lat' dir='ltr'>,250oe</span> <span class='ocrx_word' id='word_1_25' title='bbox 347 776 419 813; x_wconf 57' lang='lat' dir='ltr'>peri,</span> <span class='ocrx_word' id='word_1_26' title='bbox 437 754 674 809; x_wconf 84' lang='lat' dir='ltr'>tangente</span> <span class='ocrx_word' id='word_1_27' title='bbox 699 753 762 795; x_wconf 88' lang='lat'>30</span> <span class='ocrx_word' id='word_1_28' title='bbox 787 747 1044 810; x_wconf 85' lang='lat' dir='ltr'>graduum.</span> 
     </span>
    </p>
   </div>
   <div class='ocr_carea' id='block_1_5' title="bbox 151 820 1832 2928">
    <p class='ocr_par' dir='ltr' id='par_1_5' title="bbox 151 820 1830 1640">
     <span class='ocr_line' id='line_1_6' title="bbox 151 820 1827 891; baseline 0 -22"><span class='ocrx_word' id='word_1_29' title='bbox 151 820 418 891; x_wconf 52' lang='lat' dir='ltr'>ssjgffii‘jdfflfflum</span> <span class='ocrx_word' id='word_1_30' title='bbox 504 822 580 869; x_wconf 83' lang='lat' dir='ltr'>Sit</span> <span class='ocrx_word' id='word_1_31' title='bbox 614 822 779 870; x_wconf 90' lang='lat' dir='ltr'>radius</span> <span class='ocrx_word' id='word_1_32' title='bbox 813 823 914 885; x_wconf 84' lang='lat' dir='ltr'><strong>(fig.</strong></span> <span class='ocrx_word' id='word_1_33' title='bbox 931 822 986 882; x_wconf 89' lang='lat' dir='ltr'>ii)</span> <span class='ocrx_word' id='word_1_34' title='bbox 1024 823 1128 881; x_wconf 92' lang='lat' dir='ltr'>AB,</span> <span class='ocrx_word' id='word_1_35' title='bbox 1175 822 1462 870; x_wconf 89' lang='lat' dir='ltr'>semiradius</span> <span class='ocrx_word' id='word_1_36' title='bbox 1498 822 1580 870; x_wconf 90' lang='lat' dir='ltr'>BE</span> <span class='ocrx_word' id='word_1_37' title='bbox 1615 822 1692 870; x_wconf 90' lang='lat' dir='ltr'>vel</span> <span class='ocrx_word' id='word_1_38' title='bbox 1727 822 1827 869; x_wconf 87' lang='lat' dir='ltr'>AF.</span> 
     </span>
     <span class='ocr_line' id='line_1_7' title="bbox 435 897 1829 961; baseline -0.001 -16"><span class='ocrx_word' id='word_1_39' title='bbox 435 897 598 946; x_wconf 90' lang='lat' dir='ltr'>Ducta</span> <span class='ocrx_word' id='word_1_40' title='bbox 631 914 748 961; x_wconf 85' lang='lat' dir='ltr'>ergo</span> <span class='ocrx_word' id='word_1_41' title='bbox 772 898 867 956; x_wconf 90' lang='lat' dir='ltr'>EF,</span> <span class='ocrx_word' id='word_1_42' title='bbox 893 899 987 946; x_wconf 91' lang='lat' dir='ltr'>erit</span> <span class='ocrx_word' id='word_1_43' title='bbox 1017 898 1356 960; x_wconf 85' lang='lat' dir='ltr'>rectangulum</span> <span class='ocrx_word' id='word_1_44' title='bbox 1380 898 1549 945; x_wconf 86' lang='lat' dir='ltr'><strong>ABEF</strong></span> <span class='ocrx_word' id='word_1_45' title='bbox 1573 897 1829 944; x_wconf 91' lang='lat' dir='ltr'>dimidium</span> 
     </span>
     <span class='ocr_line' id='line_1_8' title="bbox 436 973 1830 1036; baseline 0 -16"><span class='ocrx_word' id='word_1_46' title='bbox 436 973 663 1036; x_wconf 85' lang='lat' dir='ltr'>quadrati</span> <span class='ocrx_word' id='word_1_47' title='bbox 688 990 716 1021; x_wconf 88' lang='lat' dir='ltr'>a</span> <span class='ocrx_word' id='word_1_48' title='bbox 740 973 879 1021; x_wconf 90' lang='lat' dir='ltr'>radio</span> <span class='ocrx_word' id='word_1_49' title='bbox 906 974 1009 1021; x_wconf 87' lang='lat' dir='ltr'>AB.</span> <span class='ocrx_word' id='word_1_50' title='bbox 1078 974 1394 1022; x_wconf 90' lang='lat' dir='ltr'>Describatur</span> <span class='ocrx_word' id='word_1_51' title='bbox 1417 973 1555 1021; x_wconf 89' lang='lat' dir='ltr'>radio</span> <span class='ocrx_word' id='word_1_52' title='bbox 1575 973 1663 1020; x_wconf 94' lang='lat' dir='ltr'>AB</span> <span class='ocrx_word' id='word_1_53' title='bbox 1687 988 1830 1021; x_wconf 88' lang='lat' dir='ltr'>arcus</span> 
     </span>
     <span class='ocr_line' id='line_1_9' title="bbox 436 1048 1829 1113; baseline 0 -17"><span class='ocrx_word' id='word_1_54' title='bbox 436 1048 538 1107; x_wconf 89' lang='lat' dir='ltr'>BG,</span> <span class='ocrx_word' id='word_1_55' title='bbox 564 1065 734 1097; x_wconf 91' lang='lat' dir='ltr'>secans</span> <span class='ocrx_word' id='word_1_56' title='bbox 758 1050 837 1096; x_wconf 90' lang='lat' dir='ltr'>EF</span> <span class='ocrx_word' id='word_1_57' title='bbox 861 1049 911 1096; x_wconf 92' lang='lat' dir='ltr'>in</span> <span class='ocrx_word' id='word_1_58' title='bbox 937 1049 994 1097; x_wconf 87' lang='lat' dir='ltr'>G.</span> <span class='ocrx_word' id='word_1_59' title='bbox 1065 1050 1228 1097; x_wconf 89' lang='lat' dir='ltr'>Ducta</span> <span class='ocrx_word' id='word_1_60' title='bbox 1260 1066 1377 1113; x_wconf 85' lang='lat' dir='ltr'>ergo</span> <span class='ocrx_word' id='word_1_61' title='bbox 1403 1050 1490 1098; x_wconf 91' lang='lat' dir='ltr'>AG</span> <span class='ocrx_word' id='word_1_62' title='bbox 1515 1057 1564 1097; x_wconf 86' lang='lat' dir='ltr'>et</span> <span class='ocrx_word' id='word_1_63' title='bbox 1586 1049 1829 1113; x_wconf 88' lang='lat' dir='ltr'>producta</span> 
     </span>
     <span class='ocr_line' id='line_1_10' title="bbox 435 1123 1829 1188; baseline 0.001 -17"><span class='ocrx_word' id='word_1_64' title='bbox 435 1123 499 1171; x_wconf 88' lang='lat' dir='ltr'>ad</span> <span class='ocrx_word' id='word_1_65' title='bbox 531 1124 614 1171; x_wconf 92' lang='lat' dir='ltr'>BE</span> <span class='ocrx_word' id='word_1_66' title='bbox 647 1124 934 1187; x_wconf 88' lang='lat' dir='ltr'>productam</span> <span class='ocrx_word' id='word_1_67' title='bbox 972 1124 1022 1172; x_wconf 92' lang='lat' dir='ltr'>in</span> <span class='ocrx_word' id='word_1_68' title='bbox 1057 1125 1123 1182; x_wconf 89' lang='lat' dir='ltr'>H,</span> <span class='ocrx_word' id='word_1_69' title='bbox 1148 1125 1241 1173; x_wconf 88' lang='lat' dir='ltr'>erit</span> <span class='ocrx_word' id='word_1_70' title='bbox 1273 1125 1365 1174; x_wconf 91' lang='lat' dir='ltr'>BH</span> <span class='ocrx_word' id='word_1_71' title='bbox 1397 1134 1606 1188; x_wconf 85' lang='lat' dir='ltr'>tangens</span> <span class='ocrx_word' id='word_1_72' title='bbox 1632 1131 1695 1173; x_wconf 91' lang='lat'>30</span> <span class='ocrx_word' id='word_1_73' title='bbox 1718 1141 1829 1188; x_wconf 87' lang='lat' dir='ltr'>gra-</span> 
     </span>
     <span class='ocr_line' id='line_1_11' title="bbox 437 1199 1830 1264; baseline 0.001 -18"><span class='ocrx_word' id='word_1_74' title='bbox 437 1199 604 1256; x_wconf 87' lang='lat' dir='ltr'>duum,</span> <span class='ocrx_word' id='word_1_75' title='bbox 637 1207 687 1247; x_wconf 86' lang='lat' dir='ltr'>et</span> <span class='ocrx_word' id='word_1_76' title='bbox 726 1199 812 1246; x_wconf 90' lang='lat' dir='ltr'>BG</span> <span class='ocrx_word' id='word_1_77' title='bbox 851 1199 1001 1247; x_wconf 89' lang='lat' dir='ltr'>tertia</span> <span class='ocrx_word' id='word_1_78' title='bbox 1042 1216 1155 1262; x_wconf 89' lang='lat' dir='ltr'>pars</span> <span class='ocrx_word' id='word_1_79' title='bbox 1197 1217 1339 1248; x_wconf 90' lang='lat' dir='ltr'>arcus</span> <span class='ocrx_word' id='word_1_80' title='bbox 1377 1201 1710 1264; x_wconf 85' lang='lat' dir='ltr'>quadrantalis</span> <span class='ocrx_word' id='word_1_81' title='bbox 1748 1200 1830 1248; x_wconf 87' lang='lat' dir='ltr'>de-</span> 
     </span>
     <span class='ocr_line' id='line_1_12' title="bbox 437 1274 1827 1338; baseline 0.001 -16"><span class='ocrx_word' id='word_1_82' title='bbox 437 1275 607 1338; x_wconf 85' lang='lat' dir='ltr'>scripti</span> <span class='ocrx_word' id='word_1_83' title='bbox 642 1275 702 1322; x_wconf 86' lang='lat' dir='ltr'>ab</span> <span class='ocrx_word' id='word_1_84' title='bbox 727 1274 831 1322; x_wconf 91' lang='lat' dir='ltr'>AB.</span> <span class='ocrx_word' id='word_1_85' title='bbox 903 1275 1091 1322; x_wconf 82' lang='lat' dir='ltr'>Deinde</span> <span class='ocrx_word' id='word_1_86' title='bbox 1127 1291 1156 1323; x_wconf 88' lang='lat' dir='ltr'>a</span> <span class='ocrx_word' id='word_1_87' title='bbox 1189 1283 1372 1338; x_wconf 91' lang='lat' dir='ltr'>puncto</span> <span class='ocrx_word' id='word_1_88' title='bbox 1408 1275 1451 1323; x_wconf 93' lang='lat' dir='ltr'>G</span> <span class='ocrx_word' id='word_1_89' title='bbox 1484 1276 1549 1323; x_wconf 91' lang='lat' dir='ltr'>ad</span> <span class='ocrx_word' id='word_1_90' title='bbox 1582 1275 1710 1323; x_wconf 89' lang='lat' dir='ltr'>latus</span> <span class='ocrx_word' id='word_1_91' title='bbox 1739 1276 1827 1323; x_wconf 93' lang='lat' dir='ltr'>AB</span> 
     </span>
     <span class='ocr_line' id='line_1_13' title="bbox 436 1349 1830 1414; baseline 0.002 -18"><span class='ocrx_word' id='word_1_92' title='bbox 436 1350 645 1397; x_wconf 90' lang='lat' dir='ltr'>ducatur</span> <span class='ocrx_word' id='word_1_93' title='bbox 679 1349 1094 1413; x_wconf 84' lang='lat' dir='ltr'>perpendicularis</span> <span class='ocrx_word' id='word_1_94' title='bbox 1129 1350 1211 1398; x_wconf 90' lang='lat' dir='ltr'>GI.</span> <span class='ocrx_word' id='word_1_95' title='bbox 1283 1351 1338 1398; x_wconf 90' lang='lat' dir='ltr'>In</span> <span class='ocrx_word' id='word_1_96' title='bbox 1364 1350 1604 1414; x_wconf 89' lang='lat' dir='ltr'>producta</span> <span class='ocrx_word' id='word_1_97' title='bbox 1639 1351 1727 1398; x_wconf 91' lang='lat' dir='ltr'>BA</span> <span class='ocrx_word' id='word_1_98' title='bbox 1751 1367 1830 1399; x_wconf 94' lang='lat' dir='ltr'>su-</span> 
     </span>
     <span class='ocr_line' id='line_1_14' title="bbox 435 1425 1830 1489; baseline 0.001 -17"><span class='ocrx_word' id='word_1_99' title='bbox 435 1432 599 1473; x_wconf 83' lang='lat' dir='ltr'>matur</span> <span class='ocrx_word' id='word_1_100' title='bbox 622 1425 716 1472; x_wconf 91' lang='lat' dir='ltr'>AN</span> <span class='ocrx_word' id='word_1_101' title='bbox 742 1425 891 1488; x_wconf 86' lang='lat' dir='ltr'>dupla</span> <span class='ocrx_word' id='word_1_102' title='bbox 908 1425 994 1483; x_wconf 93' lang='lat' dir='ltr'>AI,</span> <span class='ocrx_word' id='word_1_103' title='bbox 1012 1433 1068 1473; x_wconf 89' lang='lat' dir='ltr'>ut</span> <span class='ocrx_word' id='word_1_104' title='bbox 1092 1425 1165 1473; x_wconf 91' lang='lat' dir='ltr'>IN</span> <span class='ocrx_word' id='word_1_105' title='bbox 1191 1426 1255 1473; x_wconf 88' lang='lat' dir='ltr'>sit</span> <span class='ocrx_word' id='word_1_106' title='bbox 1279 1425 1428 1489; x_wconf 88' lang='lat' dir='ltr'>tripla</span> <span class='ocrx_word' id='word_1_107' title='bbox 1451 1426 1535 1473; x_wconf 93' lang='lat' dir='ltr'>IA.</span> <span class='ocrx_word' id='word_1_108' title='bbox 1607 1426 1830 1474; x_wconf 89' lang='lat' dir='ltr'>Ducatur</span> 
     </span>
     <span class='ocr_line' id='line_1_15' title="bbox 436 1500 1828 1564; baseline 0.001 -15"><span class='ocrx_word' id='word_1_109' title='bbox 436 1501 645 1564; x_wconf 88' lang='lat' dir='ltr'>denique</span> <span class='ocrx_word' id='word_1_110' title='bbox 670 1500 777 1559; x_wconf 92' lang='lat' dir='ltr'>NG,</span> <span class='ocrx_word' id='word_1_111' title='bbox 798 1516 967 1549; x_wconf 87' lang='lat' dir='ltr'>secans</span> <span class='ocrx_word' id='word_1_112' title='bbox 992 1501 1076 1548; x_wconf 85' lang='lat' dir='ltr'>AF</span> <span class='ocrx_word' id='word_1_113' title='bbox 1098 1501 1150 1548; x_wconf 92' lang='lat' dir='ltr'>in</span> <span class='ocrx_word' id='word_1_114' title='bbox 1173 1501 1230 1560; x_wconf 90' lang='lat' dir='ltr'>T,</span> <span class='ocrx_word' id='word_1_115' title='bbox 1250 1508 1298 1549; x_wconf 90' lang='lat' dir='ltr'>et</span> <span class='ocrx_word' id='word_1_116' title='bbox 1322 1501 1623 1564; x_wconf 88' lang='lat' dir='ltr'>producatur</span> <span class='ocrx_word' id='word_1_117' title='bbox 1646 1501 1710 1550; x_wconf 88' lang='lat' dir='ltr'>ad</span> <span class='ocrx_word' id='word_1_118' title='bbox 1734 1502 1828 1551; x_wconf 92' lang='lat' dir='ltr'>BH</span> 
     </span>
     <span class='ocr_line' id='line_1_16' title="bbox 436 1593 1828 1640; baseline 0.003 -16"><span class='ocrx_word' id='word_1_119' title='bbox 436 1593 487 1624; x_wconf 91' lang='lat' dir='ltr'>m</span> <span class='ocrx_word' id='word_1_120' title='bbox 511 1593 559 1640; x_wconf 86' lang='lat' dir='ltr'>q.</span> <span class='ocrx_word' id='word_1_121' title='bbox 1826 1611 1828 1616; x_wconf 68' lang='lat'>,</span> 
     </span>
    </p>

    <p class='ocr_par' dir='ltr' id='par_1_6' title="bbox 499 1652 1627 1717">
     <span class='ocr_line' id='line_1_17' title="bbox 499 1652 1627 1717; baseline 0.003 -18"><span class='ocrx_word' id='word_1_122' title='bbox 499 1652 623 1699; x_wconf 86' lang='lat' dir='ltr'>Dico</span> <span class='ocrx_word' id='word_1_123' title='bbox 650 1652 725 1716; x_wconf 84' lang='lat' dir='ltr'>Bq</span> <span class='ocrx_word' id='word_1_124' title='bbox 750 1659 935 1700; x_wconf 87' lang='lat' dir='ltr'>rectam</span> <span class='ocrx_word' id='word_1_125' title='bbox 959 1653 1202 1717; x_wconf 79' lang='lat' dir='ltr'>aequalem</span> <span class='ocrx_word' id='word_1_126' title='bbox 1229 1668 1337 1701; x_wconf 89' lang='lat' dir='ltr'>esse</span> <span class='ocrx_word' id='word_1_127' title='bbox 1361 1653 1498 1701; x_wconf 91' lang='lat' dir='ltr'>arcui</span> <span class='ocrx_word' id='word_1_128' title='bbox 1525 1654 1627 1702; x_wconf 89' lang='lat' dir='ltr'>BG.</span> 
     </span>
    </p>

    <p class='ocr_par' dir='ltr' id='par_1_7' title="bbox 435 1728 1831 2018">
     <span class='ocr_line' id='line_1_18' title="bbox 502 1728 1828 1792; baseline 0.003 -17"><span class='ocrx_word' id='word_1_129' title='bbox 502 1728 659 1791; x_wconf 89' lang='lat' dir='ltr'>Super</span> <span class='ocrx_word' id='word_1_130' title='bbox 700 1729 787 1776; x_wconf 92' lang='lat' dir='ltr'>AT</span> <span class='ocrx_word' id='word_1_131' title='bbox 828 1728 1133 1777; x_wconf 87' lang='lat' dir='ltr'>describatur</span> <span class='ocrx_word' id='word_1_132' title='bbox 1173 1744 1316 1777; x_wconf 83' lang='lat' dir='ltr'>arcus</span> <span class='ocrx_word' id='word_1_133' title='bbox 1356 1728 1692 1792; x_wconf 84' lang='lat' dir='ltr'>quadrantalis</span> <span class='ocrx_word' id='word_1_134' title='bbox 1735 1730 1828 1779; x_wconf 87' lang='lat' dir='ltr'>ST.</span> 
     </span>
     <span class='ocr_line' id='line_1_19' title="bbox 437 1803 1828 1868; baseline 0.003 -18"><span class='ocrx_word' id='word_1_135' title='bbox 437 1803 684 1856; x_wconf 86' lang='lat' dir='ltr'>Quoniam</span> <span class='ocrx_word' id='word_1_136' title='bbox 720 1820 837 1868; x_wconf 88' lang='lat' dir='ltr'>ergo</span> <span class='ocrx_word' id='word_1_137' title='bbox 876 1804 1125 1868; x_wconf 87' lang='lat' dir='ltr'>triangula</span> <span class='ocrx_word' id='word_1_138' title='bbox 1161 1804 1294 1863; x_wconf 94' lang='lat' dir='ltr'>NIG,</span> <span class='ocrx_word' id='word_1_139' title='bbox 1321 1804 1458 1852; x_wconf 91' lang='lat' dir='ltr'>NAT</span> <span class='ocrx_word' id='word_1_140' title='bbox 1489 1813 1602 1853; x_wconf 90' lang='lat' dir='ltr'>sunt</span> <span class='ocrx_word' id='word_1_141' title='bbox 1637 1806 1828 1866; x_wconf 85' lang='lat' dir='ltr'>similia,</span> 
     </span>
     <span class='ocr_line' id='line_1_20' title="bbox 436 1877 1831 1940; baseline 0.005 -16"><span class='ocrx_word' id='word_1_142' title='bbox 436 1877 530 1925; x_wconf 86' lang='lat' dir='ltr'>erit</span> <span class='ocrx_word' id='word_1_143' title='bbox 546 1878 630 1925; x_wconf 93' lang='lat' dir='ltr'>AT</span> <span class='ocrx_word' id='word_1_144' title='bbox 650 1878 759 1927; x_wconf 89' lang='lat' dir='ltr'>duae</span> <span class='ocrx_word' id='word_1_145' title='bbox 779 1879 941 1928; x_wconf 87' lang='lat' dir='ltr'>tertiae</span> <span class='ocrx_word' id='word_1_146' title='bbox 964 1886 1114 1928; x_wconf 88' lang='lat' dir='ltr'>rectae</span> <span class='ocrx_word' id='word_1_147' title='bbox 1133 1880 1199 1928; x_wconf 93' lang='lat' dir='ltr'>GI</span> <span class='ocrx_word' id='word_1_148' title='bbox 1220 1879 1482 1939; x_wconf 87' lang='lat' dir='ltr'>semiradii,</span> <span class='ocrx_word' id='word_1_149' title='bbox 1501 1879 1553 1927; x_wconf 90' lang='lat' dir='ltr'>id</span> <span class='ocrx_word' id='word_1_150' title='bbox 1576 1887 1664 1940; x_wconf 88' lang='lat' dir='ltr'>est,</span> <span class='ocrx_word' id='word_1_151' title='bbox 1684 1884 1831 1930; x_wconf 87' lang='lat' dir='ltr'>tertia</span> 
     </span>
     <span class='ocr_line' id='line_1_21' title="bbox 435 1955 886 2018; baseline 0.004 -17"><span class='ocrx_word' id='word_1_152' title='bbox 435 1969 548 2018; x_wconf 87' lang='lat' dir='ltr'>pars</span> <span class='ocrx_word' id='word_1_153' title='bbox 573 1955 724 2003; x_wconf 90' lang='lat' dir='ltr'>totius</span> <span class='ocrx_word' id='word_1_154' title='bbox 749 1955 886 2003; x_wconf 88' lang='lat' dir='ltr'>radii.</span> 
     </span>
    </p>

    <p class='ocr_par' dir='ltr' id='par_1_8' title="bbox 437 2029 1832 2928">
     <span class='ocr_line' id='line_1_22' title="bbox 506 2029 1830 2094; baseline 0.002 -16"><span class='ocrx_word' id='word_1_155' title='bbox 506 2029 750 2078; x_wconf 75' lang='lat' dir='ltr'>Quoniam</span> <span class='ocrx_word' id='word_1_156' title='bbox 769 2047 886 2094; x_wconf 88' lang='lat' dir='ltr'>ergo</span> <span class='ocrx_word' id='word_1_157' title='bbox 902 2030 988 2078; x_wconf 92' lang='lat' dir='ltr'>AT</span> <span class='ocrx_word' id='word_1_158' title='bbox 1007 2037 1080 2078; x_wconf 91' lang='lat' dir='ltr'>est</span> <span class='ocrx_word' id='word_1_159' title='bbox 1103 2030 1252 2078; x_wconf 88' lang='lat' dir='ltr'>tertia</span> <span class='ocrx_word' id='word_1_160' title='bbox 1274 2047 1388 2094; x_wconf 90' lang='lat' dir='ltr'>pars</span> <span class='ocrx_word' id='word_1_161' title='bbox 1408 2031 1550 2090; x_wconf 89' lang='lat' dir='ltr'>radii,</span> <span class='ocrx_word' id='word_1_162' title='bbox 1569 2032 1665 2080; x_wconf 89' lang='lat' dir='ltr'>erit</span> <span class='ocrx_word' id='word_1_163' title='bbox 1687 2049 1830 2082; x_wconf 90' lang='lat' dir='ltr'>arcus</span> 
     </span>
     <span class='ocr_line' id='line_1_23' title="bbox 439 2103 1830 2167; baseline 0.004 -16"><span class='ocrx_word' id='word_1_164' title='bbox 439 2103 516 2151; x_wconf 89' lang='lat' dir='ltr'>ST</span> <span class='ocrx_word' id='word_1_165' title='bbox 550 2106 748 2166; x_wconf 86' lang='lat' dir='ltr'>aequalis</span> <span class='ocrx_word' id='word_1_166' title='bbox 784 2105 920 2153; x_wconf 87' lang='lat' dir='ltr'>arcui</span> <span class='ocrx_word' id='word_1_167' title='bbox 956 2105 1054 2153; x_wconf 92' lang='lat' dir='ltr'>BG.</span> <span class='ocrx_word' id='word_1_168' title='bbox 1128 2105 1331 2153; x_wconf 86' lang='lat' dir='ltr'>Secetur</span> <span class='ocrx_word' id='word_1_169' title='bbox 1362 2106 1445 2154; x_wconf 91' lang='lat' dir='ltr'>BG</span> <span class='ocrx_word' id='word_1_170' title='bbox 1470 2107 1695 2156; x_wconf 83' lang='lat' dir='ltr'>bifariam</span> <span class='ocrx_word' id='word_1_171' title='bbox 1718 2108 1770 2156; x_wconf 88' lang='lat' dir='ltr'>in</span> <span class='ocrx_word' id='word_1_172' title='bbox 1794 2108 1830 2167; x_wconf 78' lang='lat' dir='ltr'>i,</span> 
     </span>
     <span class='ocr_line' id='line_1_24' title="bbox 437 2179 1832 2244; baseline 0.004 -17"><span class='ocrx_word' id='word_1_173' title='bbox 437 2186 488 2227; x_wconf 89' lang='lat' dir='ltr'>et</span> <span class='ocrx_word' id='word_1_174' title='bbox 503 2179 588 2227; x_wconf 89' lang='lat' dir='ltr'>AT</span> <span class='ocrx_word' id='word_1_175' title='bbox 611 2180 835 2229; x_wconf 88' lang='lat' dir='ltr'>bifariam</span> <span class='ocrx_word' id='word_1_176' title='bbox 859 2181 911 2228; x_wconf 93' lang='lat' dir='ltr'>in</span> <span class='ocrx_word' id='word_1_177' title='bbox 926 2181 997 2239; x_wconf 94' lang='lat' dir='ltr'>M,</span> <span class='ocrx_word' id='word_1_178' title='bbox 1016 2180 1318 2244; x_wconf 90' lang='lat' dir='ltr'>ducaturque</span> <span class='ocrx_word' id='word_1_179' title='bbox 1343 2180 1394 2228; x_wconf 75' lang='lat' dir='ltr'>ib</span> <span class='ocrx_word' id='word_1_180' title='bbox 1414 2182 1832 2244; x_wconf 83' lang='lat' dir='ltr'>perpendicularis</span> 
     </span>
     <span class='ocr_line' id='line_1_25' title="bbox 437 2254 1830 2320; baseline 0.004 -18"><span class='ocrx_word' id='word_1_181' title='bbox 437 2254 500 2302; x_wconf 87' lang='lat' dir='ltr'>ad</span> <span class='ocrx_word' id='word_1_182' title='bbox 524 2255 634 2303; x_wconf 85' lang='lat' dir='ltr'>AB:</span> <span class='ocrx_word' id='word_1_183' title='bbox 671 2257 858 2320; x_wconf 89' lang='lat' dir='ltr'>eritque</span> <span class='ocrx_word' id='word_1_184' title='bbox 882 2257 983 2305; x_wconf 93' lang='lat' dir='ltr'>AM</span> <span class='ocrx_word' id='word_1_185' title='bbox 1014 2264 1152 2305; x_wconf 85' lang='lat' dir='ltr'>sexta</span> <span class='ocrx_word' id='word_1_186' title='bbox 1185 2271 1297 2319; x_wconf 91' lang='lat' dir='ltr'>pars</span> <span class='ocrx_word' id='word_1_187' title='bbox 1331 2256 1455 2304; x_wconf 87' lang='lat' dir='ltr'>radii</span> <span class='ocrx_word' id='word_1_188' title='bbox 1480 2257 1584 2316; x_wconf 95' lang='lat' dir='ltr'>AB,</span> <span class='ocrx_word' id='word_1_189' title='bbox 1611 2266 1660 2306; x_wconf 84' lang='lat' dir='ltr'>et</span> <span class='ocrx_word' id='word_1_190' title='bbox 1688 2275 1830 2308; x_wconf 85' lang='lat' dir='ltr'>arcus</span> 
     </span>
     <span class='ocr_line' id='line_1_26' title="bbox 437 2330 1829 2394; baseline 0.004 -17"><span class='ocrx_word' id='word_1_191' title='bbox 437 2330 538 2378; x_wconf 93' lang='lat' dir='ltr'>YM</span> <span class='ocrx_word' id='word_1_192' title='bbox 554 2331 754 2394; x_wconf 88' lang='lat' dir='ltr'>aequalis</span> <span class='ocrx_word' id='word_1_193' title='bbox 773 2332 908 2380; x_wconf 87' lang='lat' dir='ltr'>arcui</span> <span class='ocrx_word' id='word_1_194' title='bbox 932 2331 1008 2390; x_wconf 85' lang='lat' dir='ltr'>Bi,</span> <span class='ocrx_word' id='word_1_195' title='bbox 1028 2339 1078 2380; x_wconf 89' lang='lat' dir='ltr'>et</span> <span class='ocrx_word' id='word_1_196' title='bbox 1100 2339 1158 2380; x_wconf 85' lang='lat' dir='ltr'>ut</span> <span class='ocrx_word' id='word_1_197' title='bbox 1185 2330 1264 2379; x_wconf 84' lang='lat' dir='ltr'>Nb</span> <span class='ocrx_word' id='word_1_198' title='bbox 1287 2331 1349 2379; x_wconf 86' lang='lat' dir='ltr'>ad</span> <span class='ocrx_word' id='word_1_199' title='bbox 1375 2331 1468 2380; x_wconf 93' lang='lat' dir='ltr'>NA</span> <span class='ocrx_word' id='word_1_200' title='bbox 1483 2332 1553 2380; x_wconf 85' lang='lat' dir='ltr'>ita</span> <span class='ocrx_word' id='word_1_201' title='bbox 1577 2333 1671 2381; x_wconf 91' lang='lat' dir='ltr'>erit</span> <span class='ocrx_word' id='word_1_202' title='bbox 1697 2333 1749 2381; x_wconf 78' lang='lat' dir='ltr'>bi</span> <span class='ocrx_word' id='word_1_203' title='bbox 1765 2335 1829 2384; x_wconf 88' lang='lat' dir='ltr'>ad</span> 
     </span>
     <span class='ocr_line' id='line_1_27' title="bbox 438 2405 1828 2472; baseline 0.002 -18"><span class='ocrx_word' id='word_1_204' title='bbox 438 2405 557 2454; x_wconf 89' lang='lat' dir='ltr'>AM.</span> <span class='ocrx_word' id='word_1_205' title='bbox 615 2407 778 2455; x_wconf 90' lang='lat' dir='ltr'>Ducta</span> <span class='ocrx_word' id='word_1_206' title='bbox 796 2422 912 2471; x_wconf 83' lang='lat' dir='ltr'>ergo</span> <span class='ocrx_word' id='word_1_207' title='bbox 936 2407 1058 2465; x_wconf 91' lang='lat' dir='ltr'>NM,</span> <span class='ocrx_word' id='word_1_208' title='bbox 1083 2415 1134 2455; x_wconf 90' lang='lat' dir='ltr'>et</span> <span class='ocrx_word' id='word_1_209' title='bbox 1154 2406 1410 2470; x_wconf 90' lang='lat' dir='ltr'>producta,</span> <span class='ocrx_word' id='word_1_210' title='bbox 1430 2408 1662 2456; x_wconf 85' lang='lat' dir='ltr'>transibit</span> <span class='ocrx_word' id='word_1_211' title='bbox 1678 2409 1828 2472; x_wconf 80' lang='lat' dir='ltr'>peri:</span> 
     </span>
     <span class='ocr_line' id='line_1_28' title="bbox 438 2481 1830 2545; baseline 0.003 -16"><span class='ocrx_word' id='word_1_212' title='bbox 438 2481 739 2545; x_wconf 88' lang='lat' dir='ltr'>producatur</span> <span class='ocrx_word' id='word_1_213' title='bbox 761 2490 925 2531; x_wconf 87' lang='lat' dir='ltr'>autem</span> <span class='ocrx_word' id='word_1_214' title='bbox 945 2482 1007 2531; x_wconf 91' lang='lat' dir='ltr'>ad</span> <span class='ocrx_word' id='word_1_215' title='bbox 1027 2483 1119 2531; x_wconf 93' lang='lat' dir='ltr'>BH</span> <span class='ocrx_word' id='word_1_216' title='bbox 1144 2483 1196 2530; x_wconf 91' lang='lat' dir='ltr'>in</span> <span class='ocrx_word' id='word_1_217' title='bbox 1222 2482 1283 2532; x_wconf 76' lang='lat' dir='ltr'>Q.</span> <span class='ocrx_word' id='word_1_218' title='bbox 1336 2482 1641 2532; x_wconf 86' lang='lat' dir='ltr'>Producatur</span> <span class='ocrx_word' id='word_1_219' title='bbox 1663 2493 1830 2533; x_wconf 87' lang='lat' dir='ltr'>autem</span> 
     </span>
     <span class='ocr_line' id='line_1_29' title="bbox 441 2555 1828 2623; baseline 0.002 -19"><span class='ocrx_word' id='word_1_220' title='bbox 441 2556 493 2604; x_wconf 81' lang='lat' dir='ltr'>bi</span> <span class='ocrx_word' id='word_1_221' title='bbox 514 2555 577 2605; x_wconf 85' lang='lat' dir='ltr'>ad</span> <span class='ocrx_word' id='word_1_222' title='bbox 601 2572 893 2606; x_wconf 86' lang='lat' dir='ltr'>concursum</span> <span class='ocrx_word' id='word_1_223' title='bbox 917 2574 1028 2606; x_wconf 91' lang='lat' dir='ltr'>cum</span> <span class='ocrx_word' id='word_1_224' title='bbox 1052 2558 1131 2622; x_wconf 85' lang='lat' dir='ltr'>Nq</span> <span class='ocrx_word' id='word_1_225' title='bbox 1156 2558 1205 2606; x_wconf 92' lang='lat' dir='ltr'>in</span> <span class='ocrx_word' id='word_1_226' title='bbox 1231 2563 1280 2606; x_wconf 82' lang='lat' dir='ltr'>t:</span> <span class='ocrx_word' id='word_1_227' title='bbox 1307 2557 1495 2622; x_wconf 88' lang='lat' dir='ltr'>eritque</span> <span class='ocrx_word' id='word_1_228' title='bbox 1514 2557 1566 2606; x_wconf 82' lang='lat' dir='ltr'>bt</span> <span class='ocrx_word' id='word_1_229' title='bbox 1592 2558 1742 2623; x_wconf 87' lang='lat' dir='ltr'>dupla</span> <span class='ocrx_word' id='word_1_230' title='bbox 1763 2558 1828 2618; x_wconf 77' lang='lat' dir='ltr'>bi,</span> 
     </span>
     <span class='ocr_line' id='line_1_30' title="bbox 440 2631 1830 2695; baseline 0.002 -14"><span class='ocrx_word' id='word_1_231' title='bbox 440 2638 492 2681; x_wconf 87' lang='lat' dir='ltr'>et</span> <span class='ocrx_word' id='word_1_232' title='bbox 514 2631 715 2695; x_wconf 84' lang='lat' dir='ltr'>aequalis</span> <span class='ocrx_word' id='word_1_233' title='bbox 747 2632 944 2680; x_wconf 89' lang='lat' dir='ltr'>chordae</span> <span class='ocrx_word' id='word_1_234' title='bbox 967 2649 1109 2681; x_wconf 86' lang='lat' dir='ltr'>arcus</span> <span class='ocrx_word' id='word_1_235' title='bbox 1130 2633 1236 2682; x_wconf 92' lang='lat' dir='ltr'>BG.</span> <span class='ocrx_word' id='word_1_236' title='bbox 1305 2633 1392 2681; x_wconf 88' lang='lat' dir='ltr'>Est</span> <span class='ocrx_word' id='word_1_237' title='bbox 1415 2634 1544 2681; x_wconf 90' lang='lat' dir='ltr'>enim</span> <span class='ocrx_word' id='word_1_238' title='bbox 1570 2634 1704 2683; x_wconf 89' lang='lat' dir='ltr'>sinus</span> <span class='ocrx_word' id='word_1_239' title='bbox 1727 2651 1830 2684; x_wconf 86' lang='lat' dir='ltr'>rec-</span> 
     </span>
     <span class='ocr_line' id='line_1_31' title="bbox 438 2709 1831 2776; baseline 0.003 -17"><span class='ocrx_word' id='word_1_240' title='bbox 438 2717 519 2759; x_wconf 85' lang='lat' dir='ltr'>tus</span> <span class='ocrx_word' id='word_1_241' title='bbox 543 2709 733 2758; x_wconf 89' lang='lat' dir='ltr'>dimidii</span> <span class='ocrx_word' id='word_1_242' title='bbox 768 2726 909 2758; x_wconf 87' lang='lat' dir='ltr'>arcus</span> <span class='ocrx_word' id='word_1_243' title='bbox 941 2711 1202 2774; x_wconf 88' lang='lat' dir='ltr'>cujuslibet</span> <span class='ocrx_word' id='word_1_244' title='bbox 1235 2710 1446 2759; x_wconf 88' lang='lat' dir='ltr'>semissis</span> <span class='ocrx_word' id='word_1_245' title='bbox 1470 2711 1667 2760; x_wconf 86' lang='lat' dir='ltr'>chordae</span> <span class='ocrx_word' id='word_1_246' title='bbox 1692 2711 1831 2776; x_wconf 83' lang='lat' dir='ltr'>dupli</span> 
     </span>
     <span class='ocr_line' id='line_1_32' title="bbox 439 2785 1829 2845; baseline 0.003 -12"><span class='ocrx_word' id='word_1_247' title='bbox 439 2801 598 2834; x_wconf 82' lang='lat' dir='ltr'>arcus.</span> <span class='ocrx_word' id='word_1_248' title='bbox 670 2786 872 2844; x_wconf 82' lang='lat' dir='ltr'>RursuS,</span> <span class='ocrx_word' id='word_1_249' title='bbox 894 2786 1140 2835; x_wconf 87' lang='lat' dir='ltr'>bisecetur</span> <span class='ocrx_word' id='word_1_250' title='bbox 1171 2802 1313 2835; x_wconf 87' lang='lat' dir='ltr'>arcus</span> <span class='ocrx_word' id='word_1_251' title='bbox 1337 2785 1399 2835; x_wconf 80' lang='lat' dir='ltr'>Bi</span> <span class='ocrx_word' id='word_1_252' title='bbox 1422 2786 1473 2834; x_wconf 90' lang='lat' dir='ltr'>in</span> <span class='ocrx_word' id='word_1_253' title='bbox 1509 2803 1552 2845; x_wconf 88' lang='lat' dir='ltr'>e,</span> <span class='ocrx_word' id='word_1_254' title='bbox 1577 2794 1628 2836; x_wconf 87' lang='lat' dir='ltr'>et</span> <span class='ocrx_word' id='word_1_255' title='bbox 1650 2787 1752 2836; x_wconf 93' lang='lat' dir='ltr'>AM</span> <span class='ocrx_word' id='word_1_256' title='bbox 1775 2789 1829 2838; x_wconf 90' lang='lat' dir='ltr'>in</span> 
     </span>
     <span class='ocr_line' id='line_1_33' title="bbox 441 2861 1828 2928; baseline 0.003 -18"><span class='ocrx_word' id='word_1_257' title='bbox 441 2861 496 2921; x_wconf 92' lang='lat' dir='ltr'>L,</span> <span class='ocrx_word' id='word_1_258' title='bbox 523 2861 827 2927; x_wconf 84' lang='lat' dir='ltr'>ducaturque</span> <span class='ocrx_word' id='word_1_259' title='bbox 850 2877 912 2910; x_wconf 85' lang='lat' dir='ltr'>ea</span> <span class='ocrx_word' id='word_1_260' title='bbox 943 2861 1007 2910; x_wconf 85' lang='lat' dir='ltr'>ad</span> <span class='ocrx_word' id='word_1_261' title='bbox 1031 2862 1118 2910; x_wconf 91' lang='lat' dir='ltr'>AB</span> <span class='ocrx_word' id='word_1_262' title='bbox 1154 2861 1600 2927; x_wconf 86' lang='lat' dir='ltr'>perpendicularis:</span> <span class='ocrx_word' id='word_1_263' title='bbox 1636 2863 1828 2928; x_wconf 81' lang='lat' dir='ltr'>eritque</span> 
     </span>
    </p>
   </div>
  </div>
 </body>
</html>
