1982 3204
3 2340 7 2351 ,.
0 2273 7 2319 „yn
0 2135 14 2259 ,·,‘¹=:„⁷1'·⁷'V·-2.-⁴
0 2112 8 2123 ..v
0 1966 14 2078 *yv-Vff'ssi'l'
0 1909 7 1958 γἹ,
0 1839 6 1845 ‚-
0 1806 5 1823 -f
0 1782 2 1784 <
0 1727 5 1749 ψ»
0 1706 6 1715 .-
0 1686 5 1689 2
0 1590 5 1625 -vm
0 1571 1 1574 „
0 1523 5 1535 η
0 1450 3 1466 v«
0 1368 4 1399 βψ

712 243 1008 302 epis-rom.
1463 264 1560 307 289

240 374 426 426 Scribis
448 376 636 439 quinto,
657 375 908 424 dominum
929 377 1187 425 Descartes
1212 377 1421 427 libenter
1444 396 1562 429 con-
1600 390 1768 419 Robbedu·
1784 392 1820 420 nd

171 449 347 499 cedere
378 461 567 515 partem
595 461 740 500 terrae
771 452 1040 500 incurrenti
1072 453 1181 516 pilae
1204 453 1563 516 aliquantulum
1599 434 1804 502 'Q

171 525 363 584 cedere,
380 526 627 590 ipsiusque
642 527 754 590 pilae
773 536 963 590 partem
988 527 1319 575 incurrentem
1340 531 1562 579 nonnihil

171 600 432 659 incurvari,
458 610 507 649 et
532 610 806 665 utrumque,
831 602 1018 650 scilicet
1041 602 1190 667 pilam
1214 611 1264 651 et
1289 612 1562 670 terram—..se

170 676 451 724 restituere:
478 685 525 725 et
550 675 684 724 nulla
701 676 750 724 vi
767 678 984 725 amoveri
1001 678 1135 742 quod
1150 694 1242 726 non
1262 679 1398 726 cedit
1421 679 1563 727 levis-

169 750 324 809 εἶπα»,
348 751 503 799 videri
527 752 619 815 ipsi
644 752 826 800 nullam
851 752 1031 800 habere
1055 753 1276 801 veritatis
1300 755 1527 817 speciem.

239 826 562 890 Respondeo:
597 827 906 875 ostenderam
939 835 1121 884 tamen,
1146 828 1188 876 si
1217 829 1290 877 vis
1319 829 1562 878 levissima

169 916 270 950 non
293 902 443 951 faciet
466 902 638 951 cedere
662 902 713 951 id
731 903 810 950 cui
835 903 1079 967 impingit,
1098 904 1269 952 saltem
1289 904 1561 968 aliquantu-

169 976 287 1035 lum,
310 977 460 1041 dupla
485 978 556 1025 vis
579 994 675 1026 non
702 978 896 1035 sufficit,
921 979 1039 1042 quia
1060 980 1135 1027 bis
1158 979 1279 1027 nihil
1310 980 1434 1028 nihil
1457 989 1559 1035 est;

168 1061 221 1102 et
242 1052 331 1110 sic,
349 1053 734 1117 quotiescunque
759 1054 1160 1117 multiplicaveris
1178 1056 1277 1103 vim
1301 1055 1450 1114 illam,
1475 1058 1562 1105 fiet

168 1126 307 1176 nihil.
376 1128 501 1177 Quae
540 1144 657 1176 sane
693 1129 1049 1178 demonstratio
1088 1139 1178 1189 est,
1208 1132 1349 1195 cujus
1385 1131 1559 1180 vitium

165 1202 249 1252 ine
270 1218 371 1251 non
396 1202 615 1267 detegit;
651 1204 737 1252 sed
760 1204 830 1252 ait
852 1221 1072 1268 pugnare
1096 1222 1208 1254 cum
1232 1207 1557 1270 experientia:

166 1277 284 1340 quia
306 1278 357 1326 in
382 1278 572 1327 bilance
596 1295 864 1343 appensum
887 1280 1080 1344 pondus
1099 1290 1298 1329 centum
1322 1282 1559 1332 librarum

167 1354 446 1402 movebitur
478 1371 508 1402 a
539 1354 804 1403 ducentum
839 1355 975 1404 libris
1007 1372 1067 1404 ex
1102 1357 1258 1405 altera
1284 1366 1425 1421 parte
1450 1359 1569 1422 jugi

166 1430 410 1493 appensis,
438 1431 500 1478 ab
532 1447 631 1478 una
666 1430 793 1479 libra
820 1447 920 1479 non
953 1432 1253 1480 movebitur:
1290 1433 1428 1496 quasi
1466 1450 1559 1497 ego

167 1505 376 1554 dixerim
398 1506 496 1554 vim
527 1505 820 1554 levissimam
853 1507 1074 1554 sufficere
1105 1507 1169 1555 ad
1203 1508 1496 1556 movendum
1530 1525 1561 1557 a

167 1580 277 1629 loco
311 1596 401 1629 suo
429 1597 527 1630 non
558 1581 708 1629 modo
744 1590 936 1645 partem
972 1583 1024 1629 in
1057 1598 1204 1645 quam
1240 1583 1469 1647 impingit
1507 1592 1559 1633 et

166 1671 314 1719 quam
327 1657 503 1720 tangit,
515 1657 601 1705 sed
615 1657 763 1704 etiam
781 1666 936 1705 totum
950 1657 1081 1721 quod
1095 1658 1165 1705 illi
1180 1659 1307 1722 parti
1320 1659 1556 1708 adhaeret.

168 1730 380 1780 Quando
403 1731 444 1780 is
467 1732 694 1780 concedit
717 1741 909 1796 partem
937 1741 1083 1781 terrae
1107 1734 1186 1781 cui
1210 1733 1418 1782 incurrit
1441 1735 1555 1798 pila,

165 1806 523 1870 aliquantulum
578 1808 768 1864 cedere,
814 1808 1107 1872 intelligitne
1158 1817 1319 1857 totum
1365 1809 1556 1858 telluris

163 1882 334 1931 orbem
358 1882 467 1931 loco
487 1883 660 1931 cedere
681 1882 698 1930 ἓ
745 1883 870 1931 Puto
896 1900 1013 1932 non.
1062 1883 1229 1932 Quare
1251 1901 1351 1932 non
1376 1885 1556 1934 suffieit

162 1956 230 2005 ad
262 1958 686 2006 confirmationem
719 1958 1066 2022 propositionis
1101 1974 1238 2017 meae,
1263 1959 1394 2023 quod
1428 1960 1557 2009 sicut

164 2039 299 2081 terra
319 2033 559 2096 premitur
582 2041 631 2081 et
661 2041 801 2096 parte
829 2049 918 2081 sua
944 2033 1106 2098 aliqua
1139 2034 1326 2083 recedit
1353 2045 1557 2099 propter

164 2107 315 2172 pilam
348 2109 626 2172 impactam,
651 2109 721 2156 ita
749 2110 925 2172 jugum
960 2109 1166 2158 bilancis
1197 2110 1555 2175 aliquantulum

164 2184 420 2247 premitur,
448 2192 500 2232 et
532 2200 646 2248 pars
674 2185 779 2245 ejus
816 2184 1122 2248 deprimitur,
1162 2195 1366 2250 propter
1404 2187 1555 2250 pilam

165 2273 450 2323 suspensam
470 2259 487 2307 ?
536 2259 604 2307 Et
622 2259 748 2307 sicut
763 2259 1086 2323 multiplicata
1103 2261 1175 2309 vis
1193 2262 1420 2325 impactae
1443 2261 1555 2326 pilae

165 2333 345 2383 sufficit
366 2334 430 2384 ad
453 2335 743 2383 movendam
773 2344 927 2383 totam
958 2336 1201 2395 tellurem,
1226 2337 1297 2385 ita
1321 2338 1556 2401 multipli-

167 2416 281 2457 cata
291 2409 365 2458 vis
379 2425 629 2474 suspensae
643 2411 796 2469 librae,
805 2410 882 2458 vel
898 2411 1025 2474 pilae,
1034 2412 1110 2459 vel
1126 2412 1167 2460 si
1181 2412 1344 2476 placet
1357 2413 1553 2476 plumae,

166 2483 344 2533 sufficit
365 2485 429 2533 ad
451 2486 719 2534 tollendum
744 2486 937 2550 pondus
961 2495 1159 2535 centum
1186 2488 1436 2536 librarum.

235 2557 403 2616 Sexto,
430 2560 563 2624 quod
596 2561 718 2610 dicis
752 2578 865 2610 eum
899 2563 1141 2611 affirmare
1175 2564 1411 2612 resultum
1445 2564 1555 2627 pilae

168 2633 324 2697 magis
350 2634 575 2698 impediri
605 2637 668 2685 ab
697 2637 792 2686 ista
825 2637 1164 2686 incurvatione
1187 2639 1299 2702 pilae
1322 2647 1371 2687 et
1392 2647 1554 2697 terrae,

167 2723 315 2772 quam
333 2709 394 2757 ab
408 2710 511 2773 ejus
530 2712 839 2761 restitutione
857 2714 1074 2776 juvetur,
1093 2722 1240 2777 atque
1258 2730 1318 2761 ex
1336 2730 1394 2762 eo
1412 2730 1555 2778 posse

168 2783 492 2832 demonstrari
514 2786 826 2835 reflexionem
860 2787 989 2852 pilae,
1013 2795 1064 2835 et
1085 2788 1293 2836 aliorum
1317 2788 1555 2852 ejusmodi

167 2874 427 2922 corporum
450 2874 552 2908 non
570 2869 788 2911 extreme
812 2863 1066 2922 durorum,
1087 2879 1335 2928 nunquam
1361 2865 1467 2912 fieri
1491 2863 1555 2911 ad

301 2949 425 2983 vo1..
451 2949 503 2983 v.
1385 2953 1420 2986 U
