1982 3204
690 277 1130 313 RchRSIASTch.
1511 274 1609 316 383

227 388 528 433 Absurdumve
546 389 717 446 aliquod
737 397 948 433 sustentat
966 390 1122 446 dogma
1141 390 1328 441 bifurcis,

285 455 413 499 Unde
433 463 609 513 stupens
627 456 794 513 capitur
813 457 888 512 qui
910 456 993 499 fuit
1012 464 1111 499 ante
1131 464 1261 498 catus.
1498 460 1608 501 1270

226 520 370 565 Debet
388 529 433 565 et
451 522 504 565 ad
523 529 671 579 gentes
691 522 944 579 longinquas
963 523 1149 573 mittere,
1170 522 1323 565 scitum

286 586 445 642 Quales
465 596 588 638 sunt3
621 588 703 631 illis
724 589 861 645 qualis
881 596 926 632 et
944 604 1038 632 esca
1053 588 1202 646 placet.

229 653 337 696 Indo
357 669 553 710 namque,
578 654 764 711 Scythae,
785 655 1005 711 divisoque
1025 656 1125 698 orbe
1146 654 1368 704 Britanno,

285 718 368 762 Est
386 720 537 771 anima,
559 728 603 763 et
623 721 780 763 salvam
801 736 888 763 rem
910 721 1030 778 eupit
1049 736 1139 764 esse
1159 736 1290 763 suam.

228 785 290 829 Et
309 785 462 829 Novus
483 786 610 831 Orbis
630 787 770 838 habet,
792 787 1026 843 Tellusque
1047 787 1283 844 Incognita,
1305 786 1459 829 multas

287 852 382 896 Nec
402 853 544 910 nigras
562 853 736 904 animas,
757 869 932 910 corpora
950 854 1072 910 nigra
1091 854 1202 897 licet.

229 918 503 975 Argentique
523 919 651 962 habet
671 919 755 970 illa,
776 926 821 962 et
841 920 938 963 flavi
959 920 1095 963 frusta
1115 920 1301 963 metalli:

288 985 396 1027 Haec
416 985 494 1027 sibi
515 1000 568 1028 ne
588 993 762 1041 pereant
781 985 900 1042 Papa
920 1001 1067 1029 cavere
1087 986 1206 1029 solet.

229 1050 350 1106 Quos
369 1058 544 1108 premet,
565 1058 609 1094 et
628 1051 784 1107 quibus
803 1052 1053 1109 indulgebit,
1075 1052 1117 1094 id
1138 1058 1203 1095 est
1222 1052 1307 1095 sale
1327 1059 1497 1109 sparget

282 1117 424 1174 Reges
444 1124 488 1159 et
507 1132 710 1173 proceres,
731 1118 967 1174 abjicietve,
989 1125 1137 1175 putat:
1504 1121 1612 1160 1280

228 1181 290 1227 Et
309 1197 414 1239 quos
433 1191 529 1240 post
548 1190 727 1226 mortem
747 1183 842 1239 (sed
861 1184 989 1241 longo
1009 1184 1219 1241 tempore)
1239 1183 1363 1228 Divis

285 1248 429 1292 Debet
447 1256 630 1293 sacratos
649 1250 923 1293 adnumerare
943 1250 1041 1293 suis.

231 1318 299 1374 Ut
317 1318 403 1362 sale
422 1318 576 1370 durati,
596 1318 753 1362 durant
772 1319 816 1361 hi
837 1318 1030 1376 pluribus
1050 1318 1185 1369 annis,

287 1384 334 1427 N
335 1400 390 1428 on
410 1399 563 1442 magno
582 1384 719 1442 pretio
739 1400 845 1441 quos
865 1384 945 1428 sibi
965 1400 1126 1442 pauper
1144 1391 1270 1428 emat.

230 1450 441 1507 Denique,
458 1450 571 1507 quod
590 1451 774 1507 primum
794 1459 872 1502 est,
892 1451 1025 1495 claras
1044 1467 1131 1495 non
1150 1451 1331 1509 negligit
1350 1451 1421 1495 ille

287 1516 429 1567 Natis,
450 1517 653 1575 cognatis,
670 1518 881 1561 'aedificare
900 1533 1027 1561 casas.

230 1582 383 1627 Plures
403 1583 660 1627 Pontificum
681 1591 782 1627 sunt
800 1599 939 1627 curae:
972 1599 1078 1640 quas
1096 1598 1318 1627 numerare

287 1649 473 1694 Difficile
491 1656 570 1702 est,
590 1658 774 1694 mentem
795 1651 841 1693 ni
854 1652 980 1708 juvet
998 1651 1101 1694 ordo
1120 1666 1270 1694 meam.

231 1715 356 1762 Ostia
374 1717 447 1761 sed
467 1717 575 1762 fusci
595 1719 717 1761 stabo
737 1718 1027 1776 Polyphemus
1046 1718 1100 1761 ad
1119 1718 1257 1761 antri:

289 1783 441 1840 thue
459 1783 572 1828 foras
590 1784 742 1835 tendit,
763 1799 977 1841 quemque
995 1786 1153 1828 notabo
1171 1784 1327 1827 dolum.
1507 1786 1615 1827 1290

230 1849 319 1893 Soc.
350 1849 448 1894 Hac
466 1850 644 1893 nimium
668 1865 812 1894 vereor
830 1866 884 1894 ne
905 1850 962 1894 sit
980 1851 1167 1894 narratio
1184 1850 1336 1908 longa:

287 1915 425 1959 Fraus
444 1916 587 1973 potuit
605 1916 750 1959 doctos
769 1916 887 1959 nulla
905 1917 1036 1960 latere
1056 1932 1186 1961 senes.

232 1980 275 2027 O
295 1989 503 2038 quantum
522 1981 683 2025 fraudis
703 1989 924 2026 sexcentos
943 1998 1065 2040 posse
1085 1998 1162 2040 per
1179 1997 1326 2032 annos,

289 2048 499 2105 Milleque
517 2050 571 2092 ab
591 2049 773 2106 ingeniis
792 2064 978 2106 surgere,
998 2049 1146 2100 credis,
1167 2050 1303 2106 opus?

232 2114 423 2172 Tempus
442 2115 563 2159 adest
581 2130 721 2166 coenoe,
742 2130 882 2158 serum
902 2122 969 2158 est
986 2130 1231 2172 percurrere
1250 2121 1429 2159 cuncta:

290 2180 501 2233 Crastina,
523 2181 559 2224 si
581 2180 648 2224 vis
667 2188 730 2232 tu,
750 2181 873 2224 finiet
891 2181 964 2224 illa
982 2181 1083 2225 dies.

233 2247 315 2291 Pr.
335 2247 439 2291 Non
452 2262 593 2291 serum
607 2254 808 2298 est‚meus
819 2261 916 2291 ecce
928 2248 1065 2291 bonus
1078 2246 1386 2292 Chronometra
1401 2247 1504 2305 quid
1519 2248 1680 2305 inquit:

290 2313 474 2358 Praecise
494 2321 656 2357 sextam
676 2313 978 2370 dimidiamque
996 2321 1129 2358 notat.

237 2379 427 2437 Septima
445 2380 627 2424 sermoni
646 2380 776 2423 finem
795 2379 924 2424 faciet
942 2387 1046 2424 nota
1063 2387 1221 2432 nostro,

293 2444 397 2491 Otia
414 2461 468 2490 ne
487 2461 574 2490 non
593 2446 667 2490 det
685 2446 869 2490 crastina
886 2446 998 2491 forte
1018 2447 1121 2491 dies.
1509 2450 1619 2489 1300

236 2510 402 2555 Praeter
418 2511 452 2555 J
454 2512 605 2564 ndaeos,
627 2512 792 2557 Gentes
810 2513 923 2556 idola
941 2513 1137 2557 colebant

294 2577 467 2630 Omnes,
489 2585 534 2621 et
550 2578 744 2622 domibus
763 2579 886 2636 plura
913 2578 1098 2623 habuere
1117 2579 1218 2623 suis.

237 2643 389 2687 Aurea
405 2643 608 2687 divitibus
627 2646 797 2688 stabant
815 2651 860 2688 et
877 2645 1039 2688 eburna
1058 2645 1232 2696 sacellis,

295 2708 395 2752 Aut
412 2723 467 2752 ex
484 2716 673 2766 argento,
693 2717 770 2753 aut
787 2724 871 2753 aere
891 2709 1189 2754 Corinthiaco:

237 2774 338 2817 Aut
355 2775 495 2818 stabat
513 2775 666 2817 summi
685 2774 838 2818 Parius
855 2775 962 2832 lapis
980 2782 1071 2819 arte
1085 2775 1275 2832 magistri

294 2839 464 2884 Factus.
525 2839 750 2884 Materiam
770 2856 869 2883 nam
887 2842 1113 2898 superabat
1130 2856 1247 2897 opus.

236 2905 465 2964 Ingenium
485 2905 663 2958 nullum,
682 2906 825 2963 potuit
843 2906 1042 2951 facundia
1060 2906 1179 2951 nulla
