1982 3204
382 267 475 310 212
680 275 967 308 PRINCIPIA
996 275 1061 307 ΕΤ
1088 271 1457 306 PROBLEMATA

124 405 212 430 cn.
234 404 322 432 xm.
448 386 713 450 Infinitum,
738 388 779 434 si
804 387 1122 435 subaudiatur
1145 385 1372 448 spatium,
1391 382 1634 447 significat
1657 396 1764 444 spa-

139 490 183 517 Da
198 489 322 518 infima„
382 464 504 512 tium
528 464 681 527 majus
696 479 841 526 quam
867 462 998 525 quod
1018 476 1221 508 numero
1241 466 1616 523 quantocunque
1634 472 1764 504 men-

384 555 621 597 surarum,
647 547 702 587 ut
724 539 920 602 pedum,
939 553 1184 600 passuum,
1205 536 1501 591 milliarium,
1517 533 1595 581 vel
1619 531 1767 580 etiam

384 615 731 663 diametrorum
771 621 932 671 terrae,
974 621 1059 660 aut
1100 612 1230 660 orbis
1271 611 1521 659 stellarum
1559 609 1767 656 fixarum

384 689 567 752 aequari
595 696 779 752 potest:
816 688 866 735 id
898 696 986 743 est,
1025 687 1156 750 quod
1192 686 1412 734 terminis
1447 683 1632 732 includi
1669 697 1768 729 non

383 772 560 828 potest.
611 765 858 822 Similiter,
874 763 1112 825 infinitum
1135 769 1328 825 tempus
1347 769 1434 821 est,
1457 758 1588 823 quod
1611 772 1770 820 neque

385 841 573 888 dierum
597 855 754 903 neque
778 840 1009 886 horarum
1032 853 1264 885 numerus
1288 837 1414 884 ullus
1437 841 1614 898 aequat.

451 917 582 979 Ergo
608 916 667 963 de
685 915 872 977 infinito
891 913 1157 962 secundum
1176 928 1371 961 sensum
1394 912 1526 959 hunc
1548 909 1647 957 dici
1669 924 1770 956 non

384 999 549 1056 potest
573 991 705 1038 aliud
729 991 823 1038 alio
847 990 1004 1052 majus
1036 1005 1156 1036 esse.
1226 988 1449 1036 Ducatur
1472 986 1603 1035 enim
1635 991 1772 1032 reeta

386 1067 473 1114 AB
498 1066 653 1125 finita,
672 1073 720 1113 et
745 1071 1049 1128 supponatur
1066 1063 1306 1127 producta

385 1142 517 1189 ultra
541 1141 582 1188 B
607 1156 695 1204 per
718 1141 757 1188 E
782 1141 833 1187 in
856 1139 1116 1187 infinitum.
1176 1140 1307 1202 Ergo
1331 1134 1348 1152 ¹

387 1225 492 1265 tum
517 1223 652 1264 recta
677 1216 775 1274 BE,
801 1224 906 1262 tum
925 1214 1056 1262 ABE
1082 1213 1390 1277 longitudine
1415 1218 1530 1259 sunt
1551 1209 1773 1258 infinitae.

388 1293 476 1339 Est
499 1298 661 1339 autem
687 1291 814 1338 ABE
838 1291 995 1353 major
1023 1305 1168 1353 quam
1203 1288 1302 1344 BE,
1327 1294 1466 1335 tanto
1491 1293 1676 1349 quanta
1699 1292 1774 1332 est

388 1366 645 1430 longitudo
670 1367 773 1415 AB.
843 1367 980 1414 Esto.
1051 1365 1254 1412 Secetur
1277 1363 1364 1411 AB
1387 1362 1612 1410 bifariam
1635 1361 1686 1407 in
1712 1359 1772 1407 C:

390 1450 441 1490 et
463 1450 674 1506 ponatur
693 1442 782 1490 AD
802 1441 999 1505 aequalis
1018 1440 1122 1499 AC,
1143 1447 1194 1487 et
1216 1446 1517 1503 supponatur
1535 1435 1777 1500 producta

389 1519 441 1565 in
467 1517 708 1565 directum
731 1534 818 1581 per
850 1518 887 1565 F
914 1516 965 1564 in
998 1515 1260 1563 infinitum.
1329 1514 1437 1562 Erit
1471 1528 1588 1575 ergo
1612 1511 1775 1559 ADF*

390 1594 546 1656 major
575 1609 721 1658 quam
748 1593 847 1651 DF,
872 1599 1012 1640 tanto
1039 1597 1220 1654 quanta
1243 1597 1318 1638 est
1348 1587 1605 1651 longitudo
1636 1586 1778 1634 finita

393 1668 493 1726 CD,
518 1667 569 1715 id
603 1675 676 1715 est
699 1675 884 1731 quanta
907 1674 980 1715 est
1005 1666 1109 1714 AB.
1181 1666 1346 1715 Quare
1371 1664 1498 1712 CBE
1537 1671 1586 1710 et
1611 1661 1776 1723 CAD†

392 1759 491 1791 non
515 1750 629 1791 sunt
652 1742 913 1806 inaequales
933 1761 944 1789 z
971 1749 1043 1790 est
1066 1757 1183 1804 ergo
1206 1748 1443 1805 punctum
1468 1738 1680 1802 aliquod,
1705 1744 1780 1785 est

393 1819 445 1867 in
476 1818 606 1866 linea
641 1819 728 1866 DB
762 1819 967 1874 infinita,
1010 1817 1270 1879 mediumss.
1342 1816 1513 1879 Itaque
1555 1822 1780 1862 centrum

396 1894 599 1957 sphaerae
614 1894 816 1941 infinitae
832 1894 926 1941 erit
948 1900 1186 1957 punctum
1201 1892 1263 1940 C:
1289 1891 1450 1956 idque,
1467 1891 1580 1955 quia
1596 1897 1781 1954 puncta

396 1971 441 2018 A
465 1977 516 2017 et
540 1970 580 2016 B
604 1977 797 2032 sumpta
822 1975 935 2016 sunt
958 1968 1021 2016 ad
1045 1968 1254 2026 libitum,
1271 1968 1320 2015 in
1346 1966 1479 2014 omni
1502 1972 1686 2029 puncto
1707 1964 1782 2012 in-

396 2045 549 2093 finitae
573 2044 774 2107 sphaerae
799 2044 893 2092 erit
917 2043 1118 2106 sphaerae
1136 2051 1375 2090 centrum.
1446 2042 1618 2104 Itaque
1642 2040 1784 2088 semi-

398 2120 624 2168 diametri
648 2119 849 2182 sphaerae
873 2119 1077 2166 infinitae
1101 2135 1131 2166 a
1155 2118 1371 2181 quolibet
1397 2124 1580 2174 centro,
1600 2116 1702 2164 sive
1720 2115 1781 2173 A,

398 2196 498 2244 sive
523 2195 580 2254 B,
605 2194 704 2242 sive
730 2194 784 2252 C,
811 2201 924 2241 sunt
956 2193 1087 2240 inter
1115 2209 1166 2241 se
1195 2192 1599 2255 non-inaequales.
1668 2190 1783 2240 Non

399 2279 474 2320 est
499 2286 615 2334 ergo
639 2286 738 2317 una
761 2270 890 2317 linea
913 2269 1104 2316 infinita
1126 2269 1282 2332 major
1305 2284 1451 2331 quam
1474 2267 1583 2315 alia.

466 2347 557 2394 Per
575 2345 780 2393 eandem
799 2344 1239 2398 ratiocinationem,
1255 2343 1295 2389 si
1318 2343 1447 2390 linea
1461 2341 1548 2389 AB
1571 2347 1785 2404 ponatur

399 2438 488 2486 pro
511 2421 651 2469 finito
685 2428 919 2483 tempore,
944 2419 1141 2482 probari
1171 2425 1335 2481 potest
1368 2417 1464 2464 duo
1492 2424 1677 2464 aeterna
1711 2416 1787 2464 in-

402 2497 608 2561 aequalia
630 2512 733 2545 esse
758 2512 860 2543 non
879 2511 1034 2559 posse.

470 2573 627 2622 Causa
650 2579 813 2620 autem
837 2586 986 2635 quare
1011 2570 1061 2618 in
1085 2569 1276 2617 infinito
1301 2568 1599 2617 considerari
1622 2574 1786 2631 potest

697 2747 720 2769 ⁴*
742 2746 806 2786 Sic
825 2746 916 2784 edit.
941 2745 1052 2786 1674.
1125 2744 1273 2792 Quaere,
1295 2744 1405 2783 CDF
1423 2744 1440 2783 ?

459 2811 480 2862 †
503 2810 566 2851 Sic
586 2810 675 2849 edit.
702 2808 813 2848 1674.
873 2806 1022 2855 Quaere,
1047 2806 1191 2846 CAF?
1361 2806 1381 2857 ss
1405 2805 1480 2845 Sic.
1502 2806 1592 2845 edit.
1618 2805 1730 2845 1674.
