1982 3204
560 315 671 350 Lux
700 312 1122 348 ,MA-mmmmm.
1438 301 1527 351 107

143 429 351 478 duarum
384 427 771 493 magnitudinum
795 423 1008 488 ejusdem
1042 422 1248 487 generis
1271 422 1533 470 secundum
1553 436 1818 467 comnovun-

140 505 471 570 quantitatem
496 510 658 550 nmtua
682 500 904 565 quaedam
927 497 1180 547 habitacla.
1624 493 1686 519 ⁸¹*
1709 492 1750 517 ¹¹·

139 605 144 610 ·
213 579 343 629 Satis
369 580 592 627 obscure.
664 576 995 626 Quamobrem
1032 574 1083 620 in
1121 572 1537 620 demonstratione

145 670 386 719 nusquam
411 670 469 702 ea
501 668 616 701 usus
653 660 743 700 est.
814 648 1092 698 Hobbesius
1123 648 1330 696 eandem
1367 647 1540 695 definit

148 746 254 779 esse
279 730 487 778 duarum
512 726 902 791 magnitudinum
933 723 1195 772 secundum
1220 723 1541 787 quantitatem

150 805 294 854 unius
341 803 414 851 ad
458 802 672 850 alteram
725 800 909 848 relatio
926 818 944 847 .·
987 800 1239 862 ipsamque
1286 798 1542 853 rationem,

152 879 349 944 quando
374 886 721 941 comparantur
743 874 1106 938 magnitudines
1131 873 1412 937 inaequales,
1437 886 1543 934 esa?-

151 954 477 1021 quantitatem
509 952 584 1000 sui
618 950 828 1015 generis.
898 950 1027 998 Nam
1064 950 1292 1013 quoniam
1328 948 1545 1011 inaequa-

147 1031 272 1081 lium
294 1044 447 1077 unum
472 1028 626 1075 altero
650 1027 807 1090 majus
830 1025 907 1073 vel
932 1025 1090 1073 minus
1114 1025 1194 1083 sit,
1212 1041 1311 1072 non
1335 1022 1545 1072 absurde

155 1107 348 1155 dicetur
382 1103 628 1152 rationum
660 1101 974 1165 inaequalium
1001 1117 1106 1149 esse
1131 1101 1471 1165 quantitatem,
1496 1107 1548 1147 et

154 1180 392 1231 rationem
412 1194 517 1227 esse
541 1178 929 1240 inaequalitatum
962 1178 1304 1241 quantitatem.
1374 1176 1548 1239 Neque

147 1256 322 1305 ⁴differt
350 1255 458 1303 haee
490 1254 708 1302 definitio
745 1254 806 1301 ab
839 1252 923 1300 illa
955 1253 1186 1311 Euelidis,
1220 1261 1549 1316 praeterquam

149 1331 290 1397 -quod
326 1331 391 1379 sit
415 1331 674 1378 verborum
712 1329 908 1377 illorum
945 1327 1182 1376 habitudo
1204 1328 1429 1393 quoedam
1467 1343 1550 1374 ex-

158 1407 375 1472 plicatio,
417 1405 802 1469 distinguit*que
837 1405 966 1452 inter
1002 1404 1328 1468 quantitatem
1357 1402 1566 1451 absolu-²

159 1491 263 1532 tam
286 1490 336 1530 et
358 1481 629 1530 relativam.

227 1557 475 1606 Wallisius
498 1563 672 1604 contra
695 1554 952 1603 contendit
975 1553 1181 1602 eandem
1218 1568 1322 1601 esse
1352 1552 1555 1600 fractio-

162 1649 274 1682 nem
299 1640 349 1681 et
372 1632 611 1680 rationem
633 1650 644 1679 :
669 1631 916 1688 nimirum,
935 1629 1227 1677 fractionem
1250 1629 1273 1681 ὲ
1302 1628 1430 1676 idem
1449 1643 1555 1676 esse

165 1708 298 1773 quod
321 1707 444 1756 ratio
474 1713 492 1755 l
522 1706 586 1755 ad
610 1713 657 1765 2,
678 1715 728 1754 et
747 1705 773 1757 ἐ
798 1705 927 1753 idem
960 1705 1093 1768 quod
1115 1705 1242 1752 ratio
1267 1710 1295 1752 2
1321 1704 1385 1752 ad
1409 1710 1468 1752 3:
1503 1711 1554 1751 et

167 1784 389 1833 similiter
410 1797 749 1846 quamcunque
773 1781 1061 1828 fractionem
1085 1795 1187 1828 esse
1210 1779 1451 1828 rationem
1468 1794 1556 1826 nu·

156 1860 424 1909 ,meratoris
470 1858 535 1907 ad
576 1857 1013 1905 denominatorem.
1084 1855 1182 1904 Sed
1220 1869 1455 1903 verumne
1495 1870 1561 1902 an

167 1935 344 1985 falsum
369 1934 447 1992 sit,
471 1933 628 1982 facilis
652 1941 728 1980 est
752 1931 1064 1979 examinatio.

239 2011 367 2060 Nam
391 2009 632 2072 siquidem
658 2012 683 2064 ᾗ
708 2007 772 2056 sit
795 2007 921 2055 ratio
952 2013 970 2055 l
995 2005 1059 2054 ad
1082 2012 1129 2064 3,
1154 2013 1204 2054 et
1228 2012 1254 2065 ξ
1277 2006 1402 2054 ratio
1436 2011 1467 2055 2
1499 2004 1565 2053 ad

174 2093 235 2142 3;
270 2102 381 2135 cum
406 2089 431 2142 ἑ
455 2085 520 2132 sit
543 2082 745 2131 dimidia
761 2089 804 2141 ξ,
828 2082 955 2131 ratio
987 2088 1005 2130 l
1036 2081 1100 2130 ad
1125 2088 1156 2130 3
1186 2082 1282 2130 erit
1313 2080 1566 2144 subdupli-

173 2170 283 2211 cata
306 2160 513 2209 rationis
538 2165 567 2207 2
593 2157 657 2206 ad
681 2163 740 2205 3:
777 2173 889 2205 cum
911 2164 1076 2205 tamen
1113 2157 1340 2205 omnibus
1376 2155 1567 2203 mathe-

175 2236 368 2287 maticis
403 2234 711 2283 notissimum
749 2232 831 2291 sit,
854 2233 1096 2280 rationem
1126 2238 1143 2280 1
1175 2231 1239 2280 ad
1264 2237 1293 2279 3
1318 2230 1569 2294 subdupli-

177 2321 337 2362 catam
356 2326 460 2359 esse
484 2307 690 2357 rationis
722 2313 738 2355 l
768 2307 831 2355 ad
856 2313 903 2356 9.

164 2431 166 2433 ,
245 2389 287 2436 Α
312 2387 435 2436 falsa
469 2385 562 2433 hac
592 2383 797 2432 rationis
833 2382 1117 2432 definitione
1151 2390 1268 2430 nata
1292 2388 1382 2440 est,
1405 2389 1572 2432 utne-

179 2462 443 2512 cessarium
466 2467 587 2517 erat,
602 2460 849 2508 rationum
872 2458 1004 2522 apud
1020 2457 1295 2506 Wallisium
1318 2457 1503 2505 additio
1522 2464 1574 2504 et

181 2537 473 2588 substractio
491 2535 627 2584 falsa.
676 2534 810 2582 Dicit
828 2534 959 2583 enim
983 2533 1227 2582 rationem
1251 2533 1575 2596 compositam

183 2630 243 2675 ex
278 2612 552 2662 rationibus
583 2617 601 2659 l
639 2610 704 2659 ad
736 2615 767 2658 3
795 2618 847 2658 et
877 2616 894 2658 l
924 2609 990 2658 ad
1005 2614 1054 2667 6,
1077 2609 1315 2673 aequalem
1351 2623 1458 2656 esse
1497 2623 1576 2655 ra-

184 2689 308 2738 tioni
334 2694 351 2736 l
376 2687 439 2735 ad
457 2694 504 2746 2,
523 2686 638 2751 quia
661 2683 687 2740 ὲ
707 2693 758 2734 et
782 2684 814 2745 -ζ-
842 2685 1030 2733 faciunt
1051 2685 1073 2736 ὲ
1094 2703 1106 2733 :
1132 2701 1245 2732 cum
1268 2700 1328 2732 ex
1353 2683 1578 2732 doctrina

187 2762 402 2812 Euclidis
436 2771 488 2812 et
527 2762 744 2810 omnium
783 2760 1260 2819 mathematicorum,
1290 2759 1415 2807 ratio
1443 2773 1574 2805 com-

732 2933 755 2957 *
786 2932 851 2972 Sic
869 2932 960 2971 edit.
987 2932 1100 2971 1672.
