1982 3204
468 305 715 344 Amnum·
740 302 1102 353 suonam-nica
1130 301 1247 335 mc.
1457 289 1546 341 167

162 414 429 479 castigator
475 414 673 463 Hobbii.
745 412 843 462 Sed
884 419 1104 460 revertor
1142 410 1206 459 ad
1242 410 1550 474 operationes
1611 428 1701 455 car.
1724 428 1783 455 ιιι.

161 491 448 555 algebricaS.
1570 475 1799 553 mm,

172 599 175 601 >
229 566 283 615 Si
320 566 483 630 plures
524 565 710 629 species
749 564 935 612 affectoe
975 561 1128 623 signis
1171 559 1551 623 multiplicandae
1567 559 1623 587 ¹³²¹·
1637 558 1797 596 ⁸¹⁸⁰b¹³⁰¹²

163 642 262 691 sint
297 657 384 705 per
426 657 573 689 unam
608 640 686 689 vel
721 639 884 702 plures
924 637 1111 700 species
1139 636 1356 692 affectas,
1381 635 1554 698 regula

163 717 268 765 haec
291 724 379 765 est.
430 717 481 765 Si
506 716 682 764 similia
704 714 888 763 fuerint
912 714 1068 776 signa,
1091 711 1426 774 multiplicatis
1445 726 1553 773 spe-

164 792 328 840 ciebus
343 792 628 856 praefigatur
645 790 839 853 signum
850 797 888 836 -ιν
911 806 923 836 2
946 788 1022 836 sin
1042 787 1252 846 diversa,
1271 787 1466 850 signum
1480 818 1551 833 --.

166 868 235 916 Ut
255 867 306 916 in
330 867 558 930 apposito
582 864 806 928 exemplo
822 882 833 910 :
1500 852 1533 902 ’ὲ

489 974 524 1005 A
534 981 557 1003 4-
568 972 598 1004 B
1071 968 1181 1000 A—13

490 1025 523 1056 A
534 1032 557 1054 ψ
569 1023 597 1055 c
1073 1019 1180 1052 A-c

427 1101 450 1123 4-
461 1091 525 1126 CA
534 1101 559 1123 ψ
569 1075 627 1124 BE
1007 1087 1111 1121 —cA
1121 1096 1144 1119 ψ
1155 1087 1215 1121 BC

350 1146 419 1177 ΛΑ
429 1152 453 1175 ÷
467 1144 534 1176 AB
903 1148 926 1170 ψ
939 1140 1117 1172 AA-An

350 1217 420 1248 ΑΛ
430 1225 453 1246 ÷
465 1215 529 1248 CA
539 1223 561 1244 ψ
573 1213 638 1245 AB
647 1221 670 1243 ÷
682 1211 739 1245 Bc
892 1197 1324 1246 :Hm

167 1314 316 1366 Quod
337 1312 535 1378 quidem
565 1311 616 1359 in
639 1310 854 1358 numeris
884 1325 1053 1357 verum
1078 1318 1184 1358 est:
1220 1309 1306 1358 sed
1341 1310 1381 1358 si
1415 1310 1562 1359 lineae

165 1392 279 1450 sint,
310 1390 504 1439 falsum.
573 1386 711 1435 Nihil
747 1386 878 1434 enim
916 1386 1230 1450 multiplicari
1267 1394 1429 1450 potest
1464 1387 1568 1435 nisi‘

165 1483 255 1532 per
273 1481 545 1515 numerum.

234 1543 432 1607 Species
476 1555 566 1604 per
604 1539 792 1603 species
834 1546 1168 1602 quotcunque,
1215 1545 1266 1586 et
1310 1545 1560 1601 utcunque

166 1619 371 1677 affectae,
397 1615 550 1665 dividi
585 1614 943 1678 intelliguntur,
968 1613 1164 1676 quando
1190 1613 1451 1661 divisorem
1487 1613 1562 1661 di-

168 1695 392 1746 videndae
407 1693 742 1744 subscribunt:
762 1701 818 1740 ut
836 1686 922 1761 Ξ
944 1692 1007 1740 sit
1025 1692 1252 1755 quotiens
1272 1691 1564 1742 divisiA÷B

168 1796 258 1846 per
282 1779 445 1829 B—C.
515 1777 574 1826 Id
597 1792 789 1841 quoque
812 1777 864 1824 in
887 1777 1104 1824 numeris
1127 1791 1295 1824 verum
1320 1784 1410 1824 est.
1473 1776 1562 1824 Sin

167 1857 314 1906 A÷B
336 1853 634 1919 superficies,
660 1860 709 1900 et
739 1852 885 1900 13—(3
922 1852 1065 1910 linea,
1089 1851 1356 1899 absurdum
1384 1858 1474 1910 est,
1505 1859 1563 1899 ut

169 1948 316 1997 supra
339 1929 796 1980 demonstravimus.
856 1928 1018 1991 Atque
1042 1927 1136 1975 hoc
1160 1935 1319 1975 totum
1338 1935 1414 1975 est
1431 1926 1564 1990 quod

169 2009 222 2058 in
256 2008 457 2072 algebra
480 2005 643 2053 vocari
676 2011 842 2067 potest
871 2019 976 2052 ars.
1046 2003 1194 2053 Quod
1232 2011 1387 2051 restat
1426 2003 1565 2052 labor

168 2081 513 2133 tantummodo
538 2088 628 2137 est,
653 2080 738 2143 qui
761 2079 988 2127 consistit
1019 2079 1070 2127 in
1095 2078 1361 2143 quaerenda
1382 2094 1561 2143 suppo·

172 2159 350 2209 sitione
381 2154 639 2205 commoda
674 2154 806 2202 unde
841 2154 1104 2218 incipiant:
1142 2153 1272 2217 quod
1306 2154 1427 2202 artis
1463 2168 1564 2205 non

171 2243 262 2293 est,
284 2233 371 2283 sed
392 2230 687 2297 palpationis
710 2238 763 2278 et
798 2229 1027 2278 fortunae.
1115 2230 1239 2278 Cum
1262 2238 1428 2278 autem
1451 2244 1564 2292 pro-

170 2309 448 2376 portionem
487 2306 700 2370 aliquam
740 2305 1033 2364 invenerint,
1075 2321 1184 2353 eam
1222 2304 1564 2368 permutando,

173 2382 522 2443 convertendo,
580 2380 970 2445 multiplicando,
1029 2380 1309 2439 dividendo,
1366 2396 1566 2443 compo-

172 2460 356 2518 nendo,
378 2468 431 2508 et
451 2473 541 2522 per
559 2456 740 2505 scalam
762 2457 994 2505 continue
1016 2456 1451 2521 proportionalium
1476 2456 1567 2503 ele-

174 2535 336 2585 vando
359 2543 410 2583 et
433 2532 754 2598 deprimendo
777 2533 1026 2590 motitant,
1051 2531 1208 2580 donec
1242 2531 1294 2579 in
1335 2531 1570 2595 oequatio-

177 2626 298 2660 nem
331 2610 543 2673 aliquam
575 2607 849 2671 inopinato,
878 2614 928 2655 et
963 2607 1092 2656 forte
1126 2607 1342 2665 fortuna,
1373 2606 1572 2655 tandem

178 2684 441 2743 incidatur,
465 2698 575 2747 quae
597 2683 889 2746 problemati
917 2683 1229 2731 arithmetico
1252 2682 1407 2746 possit
1430 2682 1572 2729 satis-

179 2761 359 2810 facere.
426 2758 556 2807 Nam
592 2766 649 2806 ut
684 2758 778 2806 hac
815 2757 1050 2806 methodo
1084 2757 1344 2820 quaestioni
1376 2771 1573 2820 geome-

181 2836 317 2886 tricoe
343 2833 566 2893 satisfiat,
597 2833 898 2897 impossibile
932 2840 1023 2881 est.
1091 2832 1179 2881 Est
1210 2832 1341 2880 enim
1378 2831 1577 2895 algebra
