1982 3204
163 407 266 434 .cAP.
287 407 344 433 111.

158 454 347 476 κ-Ὓ-κ

145 495 190 522 De
203 495 377 532 open-anoni-

143 539 199 566 bus
212 539 372 576 algebricis.

411 269 501 312 166
707 277 996 312 PRINcnuA
1023 278 1089 311 ΕΤ
1115 277 1484 311 PROBLEMATA

405 389 526 437 mini
550 388 744 437 difficile
768 398 842 437 est
872 390 1158 453 intelligere.
1233 388 1366 437 Quid
1397 389 1528 436 enim
1557 387 1690 436 aliud
1713 394 1789 436 est

405 482 436 512 a
458 465 794 528 magnitudine
819 466 931 513 data
956 466 1198 513 defectum
1223 466 1410 523 tollere,
1435 481 1580 528 quam
1604 464 1789 528 magni·

406 541 626 588 tudinem
651 541 958 588 deficientem
984 557 1081 604 qua
1104 541 1302 588 carebat
1337 539 1548 588 addere?
1616 540 1789 603 Itaque

406 617 448 663 si
478 617 538 664 ab
558 617 600 664 A
625 616 843 664 tollenda
867 618 929 664 sit
954 618 1077 675 -A,
1103 616 1414 664 manifestum
1441 624 1514 664 est
1538 616 1790 663 residuum

406 707 511 739 esse
533 692 625 739 2A.
696 692 824 739 Nam
849 709 906 740 eo
936 693 1040 755 ipso
1066 693 1198 755 quod
1230 692 1420 739 tollitur
1444 692 1681 750 defectus,
1705 707 1791 754 po-

405 768 540 815 nitur
573 768 786 815 accessio
820 769 922 830 ejus
947 768 1078 830 quod
1108 769 1307 815 aberat:
1345 784 1443 815 non
1481 783 1620 816 secus
1645 782 1792 830 quam

407 844 491 906 qui
532 842 751 890 debitum
790 844 1012 901 remittit,
1053 852 1291 907 quantum
1337 844 1545 891 remittit
1584 842 1793 890 debitori

405 919 559 967 addit.

475 993 755 1043 Consistere
780 1010 857 1042 me
881 994 1127 1058 paulisper
1156 994 1251 1042 hoc
1274 995 1382 1042 loco
1403 995 1536 1058 cogit
1559 1009 1795 1057 provoca·

407 1070 478 1118 tio
501 1071 530 1118 J
534 1070 739 1117 ohannis
762 1070 967 1118 Wallisii
986 1070 1036 1118 in
1061 1071 1393 1118 controversia
1415 1078 1582 1118 nostra
1605 1069 1668 1117 ad
1684 1069 1794 1117 illos

410 1146 494 1209 qui
517 1146 695 1193 versati
720 1153 834 1193 sunt
857 1146 907 1193 in
924 1146 1136 1208 algebra,
1155 1154 1213 1193 ut
1236 1146 1515 1209 intelligant
1539 1145 1673 1193 docti
1696 1160 1794 1208 quo

407 1221 562 1268 fretus
586 1221 637 1268 id
660 1221 778 1284 agit.

475 1298 564 1344 Est
603 1297 872 1360 propositio
913 1297 1120 1344 Wallisii
1157 1297 1311 1360 partis
1350 1297 1519 1360 primae
1555 1296 1669 1344 libri
1708 1295 1796 1343 De

410 1371 573 1419 Libra
611 1380 796 1430 octava,
821 1372 871 1419 in
909 1372 1016 1419 haec
1039 1373 1220 1419 verba:
1261 1372 1654 1429 Contrariorum,
1680 1387 1797 1435 qua-

408 1454 550 1494 tenus
578 1453 688 1494 sunt
716 1448 985 1506 contraria,
1024 1454 1364 1513 aggregatum
1400 1446 1678 1511 oequipollet
1713 1463 1797 1494 ex-

408 1523 566 1570 cessui
588 1522 935 1587 proepollentis
951 1542 968 1577 ;
995 1523 1357 1587 congruentium
1380 1539 1511 1582 ver0,
1536 1522 1797 1570 eorundem

407 1614 631 1646 summoe:
667 1597 716 1645 id
759 1606 832 1646 est
882 1599 1088 1654 ÷A—A
1121 1600 1308 1662 aequale
1339 1607 1412 1648 est
1447 1599 1664 1647 excessui
1700 1614 1796 1662 quo

419 1675 511 1728 ÷A
535 1680 733 1737 superat
755 1673 886 1722 -—-A.

474 1750 585 1797 Jam
619 1749 824 1803 ÷A—A
855 1750 1040 1814 aequale
1065 1743 1138 1798 est
1163 1756 1210 1808 Ο,
1230 1749 1330 1797 sive
1353 1749 1520 1798 nihilo.
1589 1750 1799 1813 Oportet

411 1828 565 1891 igitur
606 1827 994 1890 magnitudinem
1043 1829 1089 1876 A
1129 1843 1358 1891 superare
1409 1827 1797 1891 magnitudinem

411 1904 523 1950 -A
546 1903 698 1950 nihilo
717 1921 728 1950 ε
754 1903 805 1950 id
823 1912 912 1961 est,
929 1904 1109 1952 debent
1138 1905 1228 1958 ÷A
1245 1910 1295 1951 et
1312 1903 1424 1951 -A
1442 1919 1546 1951 esse
1563 1902 1796 1966 aequalia:

412 1978 547 2041 quod
565 1986 639 2026 est
657 1979 912 2027 manifeste
937 1979 1216 2027 absurdum.
1264 1979 1344 2027 Ad
1364 1995 1485 2043 quos
1509 1978 1798 2042 algebristas

412 2054 595 2118 poterit
618 2054 698 2101 ille
716 2070 983 2117 provocare
1007 2071 1037 2102 a
1055 2055 1230 2118 quibus
1248 2071 1348 2102 non
1365 2053 1798 2103 condemnabitur?

415 2129 527 2177 Quo
567 2128 722 2176 fretus
754 2130 1104 2192 pronuntiavit,
1135 2130 1229 2178 nisi
1266 2129 1398 2193 quod
1438 2130 1607 2178 scisset
1642 2145 1695 2178 se
1734 2129 1800 2178 ad

413 2204 626 2267 seipsum
659 2220 941 2266 provocare,
975 2205 1113 2267 cujus
1151 2205 1506 2252 authoritatem
1545 2212 1798 2253 secuturos

412 2294 494 2326 eos
530 2294 635 2326 esse
674 2279 912 2341 judicavit
943 2279 1028 2341 qui
1066 2278 1503 2327 Transactionibus
1539 2279 1800 2327 Societatis

413 2353 693 2402 emittendis
717 2353 927 2401 assidere
958 2353 1131 2412 solent,
1158 2354 1241 2417 qui
1282 2363 1396 2402 sunt
1432 2370 1558 2402 unus
1592 2361 1642 2402 et
1675 2354 1801 2403 alter

413 2429 688 2493 algebristae
725 2445 751 2477 e
787 2429 862 2477 sui
898 2429 1047 2493 ipsius
1079 2428 1280 2477 schola?
1348 2430 1417 2478 At
1441 2429 1574 2493 quid,
1609 2430 1800 2493 inquiet

412 2506 541 2554 forte
565 2505 756 2568 aliquis,
780 2505 842 2553 ab
866 2522 965 2553 una
988 2505 1334 2553 dormitatione
1358 2520 1564 2568 arguere
1599 2505 1800 2569 imperi-

413 2583 533 2630 tiam
557 2581 676 2629 artis
699 2597 863 2629 nonne
887 2581 1108 2644 iniquum
1132 2580 1244 2628 est?
1313 2581 1543 2644 Iniquum
1574 2597 1674 2629 non
1706 2588 1799 2639 est,

411 2657 506 2705 nisi
542 2666 760 2705 erratum
782 2664 981 2720 paratus
1013 2657 1075 2705 sit
1108 2657 1348 2705 confiteri.
1419 2657 1517 2706 Sed
1550 2657 1799 2722 quomodo

411 2733 463 2780 id
485 2732 645 2780 facere
680 2740 856 2796 potest,
882 2733 976 2781 nisi
1000 2732 1144 2781 simul
1167 2740 1326 2781 totum
1350 2732 1486 2782 illum
1517 2734 1697 2783 librum
1720 2735 1803 2784 De

412 2807 574 2856 Libra
596 2808 787 2857 futilem
811 2824 916 2857 esse
940 2809 1089 2871 (sicut
1122 2809 1216 2872 est)
1254 2810 1580 2859 confiteatur?
1650 2810 1801 2861 Quod

413 2893 468 2933 ut
513 2884 676 2944 faeiat,
722 2884 899 2934 adduci
948 2900 1195 2949 nunquam
1241 2893 1403 2949 potest
1446 2886 1673 2951 egregius
1718 2886 1800 2936 ille
