1982 3204
426 292 490 335 20
758 303 1021 338 Rosa‘rnM
1050 301 1479 336 anonim-mcum.

957 494 1262 529 SCHOLIUM.

185 597 297 623 rnor—
318 597 373 624 v1.
494 582 546 630 Si
571 581 680 630 duae
703 589 850 631 rectae
874 597 1174 646 quaecunque
1198 579 1409 628 mediam
1439 579 1655 628 habeant
1677 579 1807 629 inter

143 681 189 710 ne
208 682 408 719 magnitudine
425 673 476 705 se
499 659 927 721 proportionalem,
953 674 1062 720 quae
1087 657 1151 704 sit
1178 656 1376 719 aequalis
1399 655 1542 703 lateri
1565 654 1678 703 AB:
1714 657 1808 705 erit

141 725 354 754 ”⁰⁰⁸⁰⁵‘⁰¹¹¹³·
426 741 482 781 ut
505 750 646 781 arcus
671 733 757 782 AC
782 734 844 781 ad
874 749 1022 781 unam
1049 748 1231 791 earum,
1256 731 1326 779 ita
1349 731 1597 795 reciproce
1621 731 1808 795 reliqua

426 824 592 857 earum
612 810 704 857 erit
718 809 780 856 ad
796 809 914 856 duas
929 808 1123 871 quintas
1138 807 1288 870 ipsius
1304 793 1562 855 arcus⁸AC.
1586 807 1808 871 Exempli

425 901 594 933 causa:
620 885 732 948 quia
754 885 882 932 latus
903 884 986 931 AB
1011 890 1084 931 est
1107 883 1268 930 media
1284 882 1661 946 proportionalis
1679 883 1810 931 inter

424 976 591 1008 arcum
617 958 703 1007 AC
740 966 789 1006 et
818 959 936 1006 duas
965 959 1067 1021 ejus
1101 957 1313 1021 quintas,
1347 957 1612 1020 eademque
1647 957 1810 1006 media

424 1035 553 1082 inter
578 1034 881 1097 diagonalem
907 1032 994 1081 AC
1020 1042 1070 1080 et
1094 1033 1343 1080 semissem
1371 1033 1475 1095 ejus
1493 1033 1586 1080 DI:
1613 1041 1810 1082 rectan-

423 1111 593 1173 gulum
619 1111 706 1158 sub
731 1125 849 1157 arcu
873 1107 959 1157 AO
984 1117 1035 1157 et
1059 1108 1246 1156 duabus
1273 1108 1376 1171 ejus
1400 1108 1599 1173 quintis,
1623 1109 1807 1173 aequale

423 1186 517 1233 erit
554 1185 835 1248 rectangulo
873 1184 962 1231 sub
1004 1183 1091 1231 BD
1130 1191 1178 1232 et
1216 1183 1413 1232 semisse
1445 1185 1548 1246 ejus
1580 1183 1666 1232 DI.
1737 1185 1809 1233 Ut

423 1276 540 1323 ergo
564 1276 704 1308 arcus
725 1259 811 1308 AG
837 1260 899 1307 ad
918 1259 1225 1327 diagonalem
1249 1275 1386 1307 suam
1405 1257 1493 1308 AG
1512 1259 1590 1307 vel
1615 1259 1718 1318 BD,
1737 1259 1809 1308 ita

424 1337 517 1384 erit
539 1335 927 1398 semidiagonalis
952 1335 1021 1382 DI
1042 1334 1106 1382 ad
1126 1335 1232 1383 DR.
1278 1335 1342 1383 Et
1360 1343 1417 1382 ut
1436 1334 1646 1383 semissis
1665 1351 1808 1384 arcus

423 1410 511 1459 AO
539 1411 602 1459 ad
633 1411 1076 1474 semidiagonalem‚
1104 1411 1176 1459 ita
1211 1419 1286 1459 est
1321 1410 1713 1474 semidiagonalis
1744 1411 1807 1460 ad

495 1561 714 1611 Con-sect.
740 1563 959 1626 Apparet
977 1563 1093 1611 hinc
1112 1561 1399 1626 magnitudo
1420 1562 1631 1610 octantis
1654 1561 1806 1611 totius

420 1638 684 1701 perimetri.
722 1639 849 1686 Nam
865 1640 903 1686 si
919 1647 1066 1687 rectae
1082 1639 1174 1687 DR
1191 1638 1401 1687 addatur
1421 1637 1511 1696 Rz,
1526 1653 1640 1701 pars
1656 1637 1808 1702 ipsius

423 1721 620 1776 quarta:
640 1713 733 1762 erit
747 1721 851 1762 tota
866 1715 942 1762 Dz
958 1715 1173 1778 quinque
1189 1714 1406 1772 decimae,
1424 1713 1474 1760 id
1491 1720 1564 1761 est
1579 1713 1807 1773 semissis,

422 1804 562 1836 arcus
585 1788 685 1836 AC.
758 1789 881 1837 Cum
907 1790 1036 1838 enim
1072 1789 1165 1838 DR
1196 1789 1259 1838 sit
1288 1789 1398 1837 duae
1426 1788 1625 1852 quintae,
1648 1788 1701 1837 id
1733 1796 1809 1837 est

424 1871 631 1928 quatuor
655 1864 868 1925 decimae,
892 1865 986 1913 erit
1010 1865 1088 1914 Dz
1109 1865 1327 1929 quinque
1351 1863 1568 1913 decimae.

949 2249 1132 2298 PROP.
1161 2249 1273 2297 VII.

426 2368 624 2416 nsum
663 2367 918 2426 stantibus,
960 2367 1170 2415 ducatur
1210 2372 1347 2414 recta
1379 2363 1481 2413 DF.
1553 2363 1678 2412 Dico
1716 2362 1804 2411 DF

425 2443 633 2490 mediam
668 2458 773 2491 esse
807 2443 1223 2507 proportionalem
1264 2441 1394 2502 inter
1429 2455 1598 2489 arcum
1631 2438 1718 2488 Ac
1754 2447 1806 2487 et

425 2518 575 2581 ipsius
600 2518 863 2567 semissem.

492 2592 710 2640 Ducatur
727 2601 860 2642 recta
884 2593 957 2641 Rr
974 2592 1205 2657 parallela
1227 2591 1370 2640 lateri
1394 2589 1492 2649 BC,
1511 2605 1679 2639 secans
1701 2589 1806 2638 dia·

424 2667 647 2731 gonalem
682 2667 769 2715 DB
795 2669 844 2716 in
869 2685 898 2715 r
922 2677 971 2716 et
996 2667 1083 2716 DF
1107 2667 1158 2715 in
1183 2667 1232 2715 d.
1303 2665 1547 2715 Quoniam
1571 2680 1689 2729 ergo
1714 2664 1803 2713 DF

424 2751 556 2790 secat
579 2743 703 2790 latus
722 2742 802 2791 BC
823 2744 1044 2792 bifariam
1068 2743 1119 2791 in
1145 2742 1198 2801 F,
1217 2742 1403 2791 secabit
1423 2741 1509 2789 Dd
1526 2748 1711 2790 rectam
1730 2741 1805 2790 Rr

423 2817 644 2866 bifariam
670 2819 719 2866 in
745 2819 791 2866 cl.
866 2820 1086 2867 Ducatur
1110 2818 1198 2867 LN
1222 2817 1455 2881 parallela
1479 2816 1637 2865 eidem
1659 2816 1804 2865 lateri

423 2891 521 2952 BC,
546 2908 713 2941 secans
739 2893 822 2941 DF
844 2894 895 2942 in
917 2911 944 2941 e
966 2905 1016 2943 et
1039 2894 1166 2942 latus
1191 2892 1277 2942 DC
1293 2894 1344 2941 in
1372 2892 1433 2941 N.
1502 2892 1659 2941 Erunt
1683 2907 1802 2956 ergo
