1982 3204
0 1618 5 1646 †-
0 1566 6 1588 Γ
0 1190 26 1542 ἐὟΨΨΤῑτᾸ-’Ξϊη-νῐκ-ῑ-νἭ-ν.
0 1027 15 1187 W
17 1067 19 1070 ,
0 877 17 1026 W..
0 786 21 878 .7'-'=‘·³2*·
0 738 6 770 *⁴¹

488 265 561 299 An
588 244 841 300 CAR‘rns'n
869 263 1306 299 MnmrATman.
1490 258 1586 301 263

201 374 608 440 quemadmodum
625 390 723 423 non
740 374 846 423 dari
863 374 1072 433 videtur,
1089 382 1194 422 tota
1207 375 1312 422 haec
1328 375 1586 423 collabitur

201 450 491 514 disquisitio.
563 451 817 509 Praeterea,
843 450 952 499 idea
976 450 1070 498 mei
1099 450 1247 513 ipsius
1270 450 1390 498 mihi
1414 451 1584 509 oritur,

201 527 243 575 si
278 542 456 590 corpus
490 543 652 574 meum
687 534 949 590 spectetur,
982 542 1042 574 ex
1076 525 1262 573 visione
1285 544 1295 572 :
1331 524 1371 572 si
1407 525 1585 583 anima,

200 601 336 650 nulla
352 601 550 650 omnino
570 602 741 649 anima}
760 610 834 649 est
852 601 976 660 idea,
997 600 1083 649 sed
1106 600 1295 648 ratione
1315 599 1587 673 colligimus

201 692 306 725 esse
329 676 512 740 aliquid
535 676 779 725 internum
796 676 990 740 corpori
1013 676 1244 733 humano,
1262 674 1393 738 quod
1416 675 1460 722 ei
1485 691 1589 723 mo-

200 760 307 801 tum
321 752 540 816 impertit
553 752 811 800 animalem
827 767 924 814 quo
942 751 1090 799 sentit
1106 758 1157 799 et
1172 758 1416 798 movetur:
1443 758 1587 814 atque

200 827 295 876 hoc
318 827 552 892 quidquid
577 835 650 875 est
673 827 776 874 sine
801 827 925 885 idea,
950 842 1179 875 vocamus
1203 826 1430 874 animam.

729 965 1056 999 RESPONSIO.

269 1035 320 1084 Si
344 1034 488 1083 detur
511 1035 601 1082 Dei
625 1035 750 1094 idea,
775 1044 832 1083 ut
857 1034 1168 1083 manifestum
1193 1041 1266 1083 est
1297 1034 1431 1082 illam
1466 1034 1588 1093 dari,

198 1118 308 1159 tota
342 1110 448 1158 haec
471 1111 730 1159 collabitur
753 1112 992 1174 objectio:
1029 1126 1236 1174 cumque
1267 1110 1466 1159 additur
1487 1126 1589 1158 non

200 1185 307 1234 dari
329 1187 504 1234 animae
536 1186 712 1246 ideam,
738 1187 824 1235 sed
846 1187 1035 1235 ratione
1060 1186 1240 1250 colligi,
1276 1186 1406 1234 idem
1432 1193 1506 1234 est
1530 1202 1588 1234 ac

198 1261 240 1309 si
270 1260 514 1309 diceretur
536 1278 635 1310 non
661 1262 765 1310 dari
801 1264 904 1325 eJus
941 1262 1204 1325 imaginem
1236 1262 1287 1309 in
1330 1261 1590 1326 phantasia

199 1335 457 1400 depictam,
499 1336 586 1385 sed
622 1337 726 1385 dari
764 1345 929 1385 tamen
965 1337 1085 1385 illud
1122 1336 1254 1401 quod
1294 1353 1387 1401 ego
1427 1337 1589 1399 ideam

198 1427 385 1460 vocam.

686 1511 953 1546 OBJECTIO
979 1512 1099 1545 VIII.

199 1579 371 1628 Aliam
402 1596 518 1628 vero
563 1580 687 1628 solis
740 1581 900 1629 ideam
946 1598 1008 1629 ex
1045 1579 1318 1629 rationibus
1363 1587 1588 1628 astrono-

263 1655 407 1703 micis
430 1655 743 1720 desumptam,
767 1656 856 1704 lzoc
879 1663 972 1715 est,
997 1674 1059 1705 ex
1090 1655 1367 1704 notionibus
1390 1655 1585 1721 quibu-s·-

264 1730 380 1779 dam
402 1731 523 1779 mihi
547 1731 734 1779 innatis
755 1731 987 1780 elicitam.

264 1823 390 1872 Solis
426 1824 537 1872 idea
563 1825 710 1872 unica
739 1841 838 1873 uno
870 1832 1092 1888 tempore
1116 1824 1311 1873 videtur
1343 1839 1464 1882 esse,
1485 1823 1587 1871 sive

197 1907 446 1963 spectetur
491 1900 659 1959 oculis,
707 1900 806 1948 sive
860 1900 1232 1948 ratiocinatione
1286 1899 1589 1962 intelligatur

198 1990 304 2023 esse
326 1975 574 2023 multoties
599 1976 754 2038 major
776 1991 922 2038 quam
945 1974 1155 2024 videtur.
1225 1975 1354 2023 Nam
1378 1974 1484 2022 haec
1517 1972 1588 2021 al-

198 2058 306 2098 tera
325 2066 426 2098 non
450 2058 525 2098 est
543 2050 654 2098 idea
677 2050 806 2108 solis,
831 2049 916 2098 sed
940 2050 1162 2098 collectio
1185 2066 1273 2114 per
1296 2055 1589 2112 argumenta

198 2123 358 2173 ideam
376 2125 491 2173 solis
515 2124 764 2173 multoties
786 2124 892 2172 fore
927 2125 1162 2188 majorem
1202 2125 1244 2173 si
1279 2125 1433 2172 multo
1473 2139 1588 2187 pro-

198 2199 307 2264 pius
329 2208 648 2264 spectaretur.

264 2275 447 2324 Verum
471 2275 673 2324 diversis
697 2274 997 2338 temporibus
1021 2275 1224 2323 diversae
1246 2281 1452 2339 possunt
1484 2290 1588 2322 esse

200 2350 314 2399 solis
335 2350 487 2399 ideae:
511 2358 568 2399 ut
591 2350 632 2398 si
655 2366 755 2398 uno
774 2356 995 2414 tempore
1018 2350 1152 2399 nudo
1167 2350 1326 2409 oculo,
1347 2350 1443 2398 alio
1467 2350 1588 2398 tubo

202 2425 364 2489 optico
397 2433 657 2490 spectetur.
736 2423 833 2473 Sed
870 2426 1086 2474 rationes
1123 2425 1460 2474 astronomicae
1490 2440 1591 2472 non

202 2499 414 2549 reddunt
437 2501 596 2549 ideam
620 2500 735 2549 solis
758 2501 994 2565 majorem
1030 2501 1108 2549 vel
1132 2501 1387 2559 minorem,
1413 2500 1592 2549 docent

203 2574 364 2639 potius
386 2575 546 2624 ideam
569 2575 844 2623 sensibilem
868 2575 1092 2624 fallacem
1116 2592 1237 2624 esse.

734 2708 1067 2742 RESPONSlo.

274 2781 371 2829 Hic
394 2797 588 2846 quoque
610 2784 743 2846 quod
767 2784 948 2833 dicitur
973 2801 1074 2833 non
1099 2800 1204 2833 esse
1238 2783 1351 2832 idea
1373 2783 1504 2839 soliS,
1544 2789 1593 2829 et

206 2865 371 2904 tamen
408 2857 713 2917 describitur,
737 2867 814 2908 est
854 2860 905 2908 id
942 2861 1101 2924 ipsum
1138 2859 1269 2923 quod
1305 2875 1397 2922 ego
1434 2858 1594 2906 ideam

206 2947 343 2980 voco.

1639 393 1709 419 om
1715 393 1834 419 semo

1702 447 1770 473 vn.
