1982 3204
282 235 366 282 viii

278 349 675 392 ANAnoostus—quid.
691 349 712 383 i.
731 344 926 393 IMfl—ejus
942 351 1057 383 defini·
1083 346 1087 349 ’

616 393 722 426 boses.
745 394 767 426 i.
788 398 858 426 132.

322 435 351 468 si
367 436 434 468 sint
448 436 514 468 duo
529 447 592 468 ana
605 436 734 478 ogismi,
765 447 904 479 quorum
929 437 1059 479 quanti-

322 484 406 511 tates
422 479 566 511 secunda
580 480 731 512 secundae
753 486 786 512 et
801 486 918 523 quart-a
934 487 1061 522 quartae

322 528 400 554 sunt
415 523 568 565 aequales,
580 522 644 555 erit
659 534 786 554 summa
796 524 863 555 sive
875 523 1061 555 differentia

290 596 295 600 ,
321 565 500 608 primarum
514 565 555 598 ad
567 566 741 598 secundam
752 573 789 598 ut
800 578 927 598 summa
937 567 987 598 vel
997 566 1059 598 dif-

323 609 464 641 ferentia
479 610 650 641 tertiarum
667 609 707 641 ad
723 617 883 652 quartam.
900 610 920 642 i.
941 614 999 643 136
1009 623 1061 642 :—

323 652 352 684 si
381 663 496 684 eorum
525 658 666 695 quatuor
688 653 915 685 antecedentia
937 653 1061 685 faciunt

323 695 573 738 analogismum,
583 707 695 727 eorum
711 695 810 728 etiam
826 696 1061 738 consequentia

322 739 445 771 facient
460 738 708 781 analogismum.
724 739 803 772 ibid.

324 782 544 824 quantitatum
567 782 778 824 analogarum
795 783 995 824 comparatio
1010 793 1061 814 se-

323 825 467 857 cundum
484 825 755 867 magnitudinem.
771 825 794 858 i.
814 830 883 858 139.

325 868 498 912 ἀναλογία
520 874 555 901 et
582 869 695 911 λόγος,
721 869 889 911 proportio
911 873 946 901 et
967 869 1060 902 ratio.

325 911 368 943 iv.
386 914 437 945 74.

281 954 721 988 ANALYncA—resolutiva
734 954 902 998 appellari.
918 955 940 988 i.
957 959 1007 988 59.

325 998 470 1042 analysis
486 1004 519 1030 et
534 998 711 1041 synthesis,
723 999 813 1040 quid.
828 998 849 1031 i.
866 1001 964 1031 251-7
975 998 1063 1031 :—in

323 1042 536 1084 problematis
585 1042 808 1084 cujuscunque
845 1041 973 1084 analysi
1011 1042 1062 1074 vel

326 1085 487 1128 synthesi,
503 1084 661 1116 terminos
681 1091 811 1126 oportet
826 1084 972 1116 omnium
987 1095 1063 1127 pro-

324 1128 526 1178 positionum
549 1138 622 1159 esse
641 1127 882 1159 convertibiles.
898 1128 920 1160 i.
937 1132 998 1160 252
1012 1142 1064 1160 :—

325 1182 361 1203 m
387 1171 477 1203 omni
507 1171 634 1214 analysi
664 1171 804 1202 duarum
834 1171 1063 1213 quantitatum,

326 1214 407 1257 quid
423 1214 593 1257 quaeritur.
610 1214 632 1246 i.
648 1218 721 1246 253.

326 1263 437 1290 tantus
453 1257 592 1300 quisque
604 1263 678 1300 post
690 1262 740 1289 est
751 1257 824 1289 anal
826 1262 911 1300 ysta‚
924 1261 1065 1299 quantus

326 1306 398 1333 erat
413 1308 489 1333 ante
503 1306 680 1342 geometra..
696 1300 716 1333 i.
734 1304 807 1333 255.
863 1327 870 1335 .

321 1357 379 1386 per
388 1350 558 1385 potestates,
570 1344 746 1376 utebantur
755 1342 892 1386 antiqui.
908 1343 929 1375 i.
946 1346 1008 1376 257
1018 1357 1066 1375 :—

327 1388 399 1430 ejus
414 1387 519 1420 virtus
539 1387 574 1419 in
597 1397 662 1429 quo
682 1386 842 1419 consistit.
858 1386 929 1418 ibid
942 1388 1066 1430 z—ejus

327 1441 416 1463 usus.
432 1430 474 1463 iv.
495 1434 532 1462 10
543 1430 677 1472 :—quid
691 1435 836 1473 praestat.
848 1429 920 1462 ibid
932 1440 1066 1472 z—quo·

327 1474 426 1506 modo
440 1473 599 1516 procedit.
616 1473 695 1505 ibid.

321 1529 380 1559 per
393 1519 531 1558 symbola,
548 1527 646 1559 quam
662 1516 809 1549 oratione
824 1515 922 1566 plena
935 1516 1067 1548 brevius

327 1560 500 1598 scribatur,
529 1571 596 1592 non
624 1565 735 1592 tamen
760 1560 890 1598 clarius,
917 1570 1024 1602 neque
1048 1571 1067 1591 a

328 1609 395 1636 tam
414 1603 527 1636 multis
552 1603 657 1646 possit
680 1602 832 1645 intelligi,
849 1614 961 1646 quare.
976 1603 1020 1635 iv.
1036 1607 1066 1636 8.

327 1658 388 1690 pro
403 1653 496 1690 peste
509 1646 698 1690 geometriae
714 1646 865 1679 habenda
890 1647 932 1678 iv.
952 1651 1000 1679 10.

328 1701 501 1733 processus
530 1701 644 1722 eorum
674 1689 732 1732 qui
762 1690 823 1722 hac
853 1690 1008 1722 methodo
1031 1689 1066 1721 in

328 1733 541 1776 problematis
557 1733 671 1765 solidis
686 1732 738 1765 usi
753 1738 840 1773 sunt,
849 1733 885 1765 in
900 1744 965 1776 quo
981 1744 1066 1766 sem—

329 1788 390 1820 per
405 1777 536 1809 desinit.
553 1776 596 1809 iv.
615 1781 664 1809 11.

330 1831 425 1860 verae,
442 1820 638 1863 exemplum.
654 1820 696 1852 iv.
715 1824 785 1852 100.

329 1863 485 1907 analysis,
501 1863 530 1895 si
549 1862 741 1906 plenissime
763 1867 986 1906 perageretur,
1002 1873 1068 1895 non

330 1907 439 1939 minus
464 1906 594 1949 prolixa
609 1912 696 1939 esset
710 1917 808 1949 quam
823 1906 895 1956 ipsa
910 1911 997 1938 esset
1011 1906 1068 1939 de-

330 1950 525 1982 monstratio
560 1955 691 1992 sumpta
720 1950 760 1981 ab
788 1949 869 1992 ipS1s
897 1949 1068 1992 principiis

329 2003 436 2036 usque
451 1993 493 2025 ad
507 1993 631 2025 illatam
647 1993 899 2026 conclusionem.
915 1992 957 2025 iv.
977 1997 1046 2025 101.

330 2037 470 2068 multum
497 2036 631 2079 prodest
657 2036 698 2068 ad
720 2036 916 2068 solutionem
939 2036 1068 2079 proble-

330 2085 454 2112 matum
466 2079 780 2112 mathematicorum.
795 2079 838 2112 iv.
852 2084 911 2112 196
920 2079 1068 2112 z—etiam

329 2123 373 2155 ad
393 2123 590 2166 analyticam
604 2133 681 2155 usus
697 2123 930 2166 symbolorum.
946 2123 1026 2155 ibid.

330 2177 398 2198 non
423 2166 531 2198 minus
558 2176 598 2208 ap
622 2171 693 2198 aret
713 2165 856 2209 analysis
879 2165 914 2197 in
938 2165 1070 2208 scriptis

330 2209 491 2248 Euclidis,
533 2210 603 2241 Arc
628 2209 755 2247 imedis,
796 2209 978 2252 Apollonii,
1008 2216 1068 2242 etc.

331 2263 431 2295 quam
447 2253 565 2291 Vietae,
582 2252 777 2294 Oughtredi,
799 2258 833 2285 et
858 2252 996 2284 aliorum
1022 2252 1069 2285 al-

331 2295 562 2338 gebristarum.
577 2295 619 2328 iv.
638 2300 708 2328 196.

332 2339 524 2377 recentium,
540 2338 620 2381 quid
635 2345 694 2371 est.
708 2338 750 2370 iv.
772 2343 841 2372 196.

289 2381 772 2415 Amrnnmnzum—sive
805 2381 1068 2414 excommunica-

332 2425 390 2465 tio,
406 2425 558 2457 ultimum
570 2425 658 2457 inter
668 2425 830 2468 supplicia
840 2425 1067 2458 ecclesiastica.

333 2468 382 2501 iii.
399 2472 471 2501 551.

331 2511 488 2554 ἀνάθεμα
499 2516 532 2544 et
544 2510 718 2553 ἀνάθημα,
747 2511 804 2543 uid
817 2511 1016 2551 significant.
1022 2510 1069 2544 iii.

333 2559 393 2588 541
405 2554 594 2597 :—angelus
609 2565 707 2597 quom
753 2565 773 2587 o
793 2554 948 2598 ἀνάθεμα
962 2560 1070 2598 potest

332 2609 414 2631 esse.
429 2597 508 2631 ibid.

290 2640 632 2683 Auamma—quid
647 2640 689 2674 iv.
705 2644 758 2674 29.

289 2684 739 2727 AnnnounnAE—tragoedia
761 2683 926 2727 quomodo
954 2683 1069 2716 Abde-

333 2738 445 2760 renses
459 2727 576 2760 affecit.
593 2726 639 2759 iii.
654 2731 705 2760 61.

289 2770 589 2813 Amanus-quid
604 2770 777 2813 significat.
793 2770 840 2804 iii.
856 2774 931 2809 285,
948 2774 1071 2803 564:—

331 2815 367 2847 in
394 2813 465 2847 Scri
490 2813 583 2853 turis,
599 2813 687 2865 quid.
700 2813 747 2846 iii.
771 2813 930 2847 2802—in
954 2814 1070 2846 Testa·

331 2863 443 2890 mento
494 2857 586 2890 eteri.
610 2857 659 2890 xii.
682 2860 792 2896 286-7,
809 2857 1070 2890 56⁴2—ubicun-

333 2911 398 2943 que
419 2900 455 2932 iu
478 2900 659 2943 scripturis
679 2899 812 2942 legitur,
827 2906 864 2932 ut
879 2903 1005 2932 nuncius
1019 2900 1070 2932 in-

330 2943 502 2986 telligitur.
519 2943 566 2977 iii.
583 2948 645 2977 289
655 2943 870 2977 2—-Columba
885 2949 918 2977 et
934 2944 1070 2986 Linguoe

322 393 369 425 tio
384 398 418 425 et
432 398 574 425 metamo

975 250 1174 284 INDEX.

1130 352 1241 393 Igneae
1267 350 1302 382 in
1322 349 1504 392 Evangelio
1529 353 1663 392 possent
1688 347 1775 381 haud
1801 348 1863 381 im-

1129 393 1261 436 proprie
1276 395 1373 434 auqeli
1387 393 1505 426 vocari.
1520 393 1599 425 ibid.

1129 438 1170 469 (le
1186 437 1317 468 illorum
1333 436 1498 468 creatione
1513 435 1646 468 disertis
1655 435 1763 467 verbis
1777 433 1864 467 nihil

1128 480 1163 511 in
1180 479 1359 523 Scripturis
1374 479 1526 512 traditur.
1541 479 1587 511 iii.
1605 483 1678 518 286,
1694 482 1756 511 564
1764 477 1865 511 ε-ἰδί

1129 529 1287 555 vocantur
1306 523 1428 565 passim
1444 525 1576 564 spiritus.
1591 522 1638 554 iii.
1654 526 1865 554 2862—vete-

1129 578 1203 598 rum
1234 567 1369 598 Patrum
1399 566 1455 597 alii
1485 571 1684 608 putaverunt
1712 575 1769 597 eos
1792 574 1865 596 esse

1129 622 1291 651 corporeos,
1307 609 1362 641 alii
1378 611 1571 650 incorporeos.
1587 608 1667 641 ibid.

1129 664 1185 685 eos
1215 653 1295 695 quid
1321 653 1345 685 J
1347 652 1433 684 udaei
1461 653 1530 684 fere
1559 662 1672 684 omnes
1701 650 1866 693 (exceptis

1130 696 1336 737 Saddueaeis)
1353 701 1527 728 tenuerunt
1542 706 1624 728 esse.
1638 694 1686 727 iii.
1701 698 1774 727 286.

1130 739 1291 782 apparitio
1315 750 1380 771 una
1402 745 1436 771 et
1458 739 1582 777 eadem,
1598 743 1635 770 ut
1658 737 1808 780 legimus,
1832 741 1866 769 et

1130 783 1266 832 angelus
1281 788 1424 821 vocatur,
1438 788 1471 814 et
1486 783 1587 814 Deus.
1602 781 1649 814 iii.
1663 784 1736 814 287.

1130 837 1187 868 qul
1210 831 1431 868 apparuerunt
1446 826 1520 863 Lot,
1540 825 1701 866 imagines
1723 828 1818 855 erant
1829 823 1867 855 in

1129 869 1302 918 phantasia
1313 870 1384 911 ejus
1395 869 1546 901 formatae
1558 879 1577 900 a
1586 869 1668 900 Deo.
1683 867 1731 900 iii.
1746 870 1808 900 287
1818 879 1868 899 :—

1130 923 1158 944 ls
1189 913 1246 954 qui
1275 912 1427 954 apparuit
1456 911 1658 950 Abrabamo,
1687 921 1752 942 vox
1786 915 1866 942 erat.

1130 955 1209 987 ibid.
1219 955 1295 988 2-ii
1321 966 1402 998 quos
1422 955 1504 987 vidit
1524 954 1639 993 Jacob,
1655 953 1867 986 ascendentes

1131 1004 1164 1030 et
1178 998 1412 1031 descendentes
1427 1009 1487 1041 per
1511 998 1641 1036 scalam,
1657 997 1818 1030 somnium
1834 1002 1869 1029 st

1130 1042 1333 1084 phantasma.
1357 1042 1436 1074 ibid.
1456 1043 1607 1074 5642—is
1637 1040 1694 1083 qui
1716 1039 1869 1083 apparuit

1131 1085 1155 1117 J
1157 1085 1258 1117 aeobo
1273 1085 1307 1116 in
1323 1095 1447 1124 somno,
1463 1091 1497 1117 et
1512 1084 1648 1126 angelus
1662 1090 1696 1116 et
1705 1084 1807 1116 Deus.
1819 1082 1867 1115 iii.

1132 1132 1193 1161 287
1203 1128 1281 1160 :-is
1293 1129 1349 1170 qui
1363 1128 1529 1160 Israelitas
1541 1139 1601 1171 per
1610 1127 1705 1159 Mare
1716 1127 1868 1159 Rubrum

1132 1171 1239 1214 primo
1255 1171 1402 1210 anteivit,
1417 1178 1450 1204 et
1472 1182 1549 1202 mox
1574 1176 1734 1221 sequutus
1748 1175 1808 1209 est,
1834 1175 1869 1202 et

1133 1214 1237 1246 nubes
1258 1220 1291 1247 et
1313 1215 1413 1257 ignis.
1429 1214 1475 1246 iii.
1492 1218 1554 1246 288
1568 1224 1649 1246 :—-1s
1688 1224 1761 1246 uem
1778 1212 1869 1245 misit

1132 1258 1226 1289 Deus
1241 1268 1339 1301 super
1355 1257 1611 1296 tabernaculum,
1626 1267 1670 1288 nu
1751 1256 1831 1289 ibid.

1133 1301 1287 1343 angelum
1310 1301 1389 1333 facit
1415 1311 1482 1332 non
1503 1300 1619 1339 forma,
1642 1299 1701 1332 sed
1715 1310 1804 1332 usus.
1818 1299 1868 1332 iii.

1134 1387 1195 1419 sub
1213 1387 1345 1419 nomine
1360 1389 1457 1428 anyeli
1471 1392 1505 1419 et
1518 1388 1651 1428 spiritus,
1666 1385 1750 1418 nihil
1765 1385 1868 1428 signi-

1133 1430 1251 1462 ficatur
1272 1431 1309 1462 in
1333 1431 1545 1463 Testamento
1561 1429 1680 1462 Veteri
1699 1428 1788 1472 quod
1802 1439 1870 1461 non

1134 1474 1179 1505 sit
1194 1486 1309 1515 corpus.
1325 1473 1371 1506 iii.
1387 1477 1602 1506 288-9z-eos
1625 1483 1697 1506 esse
1719 1483 1774 1505 res
1792 1482 1869 1516 per-

1134 1523 1303 1549 manentes
1319 1522 1352 1549 et
1374 1517 1473 1548 simul
1487 1519 1686 1558 incorporeas,
1700 1515 1735 1548 in
1751 1515 1870 1558 Testar

1134 1566 1246 1593 mento
1257 1561 1352 1592 Novo
1368 1571 1529 1603 nusquam
1543 1559 1718 1592 invenitur.
1733 1559 1780 1592 iii.
1795 1562 1871 1591 289.

1133 1610 1293 1636 creaturae
1308 1603 1427 1646 aliquae
1447 1604 1521 1635 Deo
1535 1602 1770 1642 ministrantes,
1783 1601 1870 1634 invi-

1136 1646 1258 1686 sibiles,
1273 1653 1307 1679 et
1321 1646 1561 1679 immateriales.
1577 1657 1607 1678 v.
1617 1650 1692 1679 259.

1134 1689 1210 1722 idea
1225 1690 1286 1722 sub
1301 1701 1367 1733 qua
1387 1692 1523 1731 anyelum
1537 1689 1767 1732 imaginamur,
1781 1698 1855 1721 com
1868 1707 1871 1709 >

1135 1733 1243 1776 posita
1266 1739 1316 1766 est
1342 1745 1384 1766 ex
1410 1733 1494 1766 ideis
1508 1743 1620 1766 rerum
1635 1732 1824 1765 visibilium.
1840 1743 1871 1766 v-

1135 1819 1171 1851 in
1183 1820 1333 1853 doctrina
1341 1820 1382 1853 de
1392 1820 1476 1858 Deo,
1485 1819 1527 1852 de
1537 1818 1673 1862 angelis,
1678 1823 1712 1851 et
1721 1818 1763 1851 de
1771 1818 1871 1852 rebus

1136 1874 1210 1905 qua.»
1224 1875 1285 1896 nec
1299 1874 1438 1907 corpora
1456 1873 1516 1896 nec
1538 1873 1713 1906 corporum
1736 1862 1872 1895 affectus

1135 1907 1377 1946 existimantur,
1393 1907 1484 1939 locus
1499 1917 1566 1938 non
1577 1912 1629 1939 est
1641 1905 1871 1949 compodtioni

1137 1960 1197 1982 nec
1213 1950 1376 1983 divisioni.
1391 1950 1413 1983 i.
1429 1954 1460 1982 9.

1095 1993 1346 2037 ANGLIA—Jam
1373 1992 1524 2036 parturit.
1539 1992 1582 2025 iv.
1597 1996 1657 2025 231
1668 1991 1784 2025 :—·-hoc
1797 1991 1871 2034 ipso

1137 2036 1191 2069 die
1215 2043 1365 2080 speratur
1387 2047 1450 2080 pax
1471 2035 1636 2068 nascitura
1649 2041 1683 2068 et
1695 2034 1871 2078 imfflrium

1137 2080 1278 2113 firmum.
1292 2079 1373 2113 ibid.

1137 2134 1203 2165 qua
1217 2123 1257 2155 de
1272 2134 1371 2155 causa
1384 2122 1532 2156 ecclesiae
1545 2123 1703 2155 Romamn
1725 2126 1871 2171 potestas

1138 2166 1225 2209 apud
1254 2166 1385 2209 Anglos
1414 2176 1589 2209 suppressa
1613 2170 1672 2198 est.
1697 2164 1744 2197 iix.
1770 2169 1872 2198 96:—

1133 2210 1253 2284 {Jngum
1267 2209 1360 2248 illud,
1373 2209 1576 2252 principibus
1590 2207 1711 2252 partim
1730 2207 1872 2242 nolenti·

1162 2264 1208 2291 us,
1224 2263 1397 2285 excussum
1413 2258 1473 2285 est.
1493 2252 1572 2284 ibid.

1139 2296 1327 2338 Anglorum
1349 2295 1454 2334 multi,
1482 2294 1633 2338 exemplo
1662 2295 1873 2334 Batavorum,

1138 2338 1311 2371 mutationi
1340 2338 1512 2381 regiminis
1541 2338 1674 2370 divitias
1698 2337 1872 2381 imputant,

1138 2393 1219 2424 quas
1243 2382 1279 2414 hi
1301 2381 1465 2414 industria
1486 2392 1546 2414 sua
1568 2381 1797 2424 acquisierant.
1823 2380 1871 2415 iii.

1096 2469 1386 2511 Annuus—ejus
1401 2468 1550 2500 definitio
1561 2472 1595 2501 et
1609 2466 1744 2512 species.
1758 2466 1781 2501 i.
1800 2471 1871 2510 15⁹,

1136 2511 1182 2544 iv.
1203 2516 1271 2545 163.

1137 2554 1171 2587 in
1195 2554 1327 2587 circulis
1349 2553 1576 2593 concentu-icis,
1591 2553 1704 2597 anguli
1724 2553 1872 2597 ejusdem

1137 2609 1232 2631 arens
1261 2603 1338 2631 sunt
1367 2603 1405 2630 ut
1427 2598 1624 2630 circulorum
1647 2596 1828 2641 perimetri.
1848 2597 1871 2631 i.

1138 2685 1210 2728 ejus
1233 2684 1398 2727 quantita
1419 2684 1455 2716 in
1479 2694 1545 2727 quo
1569 2682 1729 2717 consistit.
1750 2682 1774 2717 i.
1799 2686 1872 2717 1⁶1.

1138 2727 1181 2760 iv.
1195 2732 1246 2765 62.
1268 2732 1336 2760 163.

1139 2770 1251 2813 anguli
1267 2771 1327 2803 sim
1353 2771 1460 2804 liciter
1470 2770 1561 2810 dicti,
1579 2769 1706 2803 divisio.
1721 2769 1743 2802 ἰ.
1762 2773 1833 2803 loa.

1138 2814 1173 2846 in
1188 2819 1312 2854 centro,
1351 2826 1371 2847 u
1395 2814 1446 2846 lus
1471 2819 1523 2846 est
1547 2813 1659 2865 anguli
1682 2813 1719 2845 in
1731 2812 1871 2846 cimm-

1138 2857 1277 2890 ferentia
1291 2858 1345 2901 eju
1386 2868 1438 2890 em
1451 2857 1576 2890 circuli.
1591 2867 1613 2889 ι.
1632 2859 1702 2889 169.
1799 2892 1802 2894 ,

1138 2900 1371 2951 contingenti-s
1391 2900 1609 2944 quantitatem
1627 2909 1709 2938 esse,
1734 2898 1794 2932 aad
1813 2908 1871 2932 an-

1139 2944 1218 2987 gulo
1247 2944 1441 2987 simpliciter
1467 2944 1732 2986 heterogensum,
1754 2952 1814 2975 nse
1839 2941 1872 2975 si
