1982 3204
390 278 482 322 140
799 287 913 322 Lux
939 287 1364 322 MATHEMATICA.

103 414 365 441 comnovmz-
385 398 501 462 etc.)
532 398 977 458 determinavimus,
1003 406 1051 447 et
1076 398 1515 446 demonstravimus
1539 399 1776 462 aequalem

137 468 328 536 Q
385 490 490 523 esse
515 483 663 524 rectae
687 476 973 539 compositae
998 492 1057 523 ex
1082 474 1445 523 semidiametro
1470 480 1519 522 et
1543 481 1777 538 tangente

385 556 450 600 30
469 551 740 615 graduum:
768 560 818 599 et
842 560 1117 615 propterea,
1138 551 1386 598 semissem
1411 551 1515 613 ejus
1540 550 1778 613 aequalem

385 643 489 675 esse
526 628 602 689 (ut
636 628 687 675 in
708 628 888 676 Roseto
913 626 1295 688 demonstratur)
1323 633 1471 673 rectae
1496 626 1635 689 eujus
1659 641 1779 689 qua-

386 702 579 751 dratum
605 703 790 766 aequale
815 710 888 750 est
913 703 1080 750 decem
1106 702 1356 765 quadratis
1381 718 1411 749 a
1435 709 1610 764 quarta
1636 709 1778 764 parte

387 779 752 846 semidiametri.
822 779 887 826 Et
911 779 1024 841 quia
1048 778 1437 826 demonstratum
1462 777 1606 824 etiam
1631 776 1778 840 paulo

386 861 500 902 ante
525 862 613 912 est,
630 853 920 918 quadratum
946 870 975 901 a
998 861 1136 901 recta
1150 869 1258 917 quae
1283 853 1344 900 sit
1369 852 1565 915 aequalis
1590 851 1780 900 semissi

387 945 528 977 arcus
553 930 854 992 quadrantis,
880 945 984 977 esse
1009 929 1071 977 ad
1096 929 1390 992 quadratum
1429 925 1782 976 semidiametri

387 1012 443 1053 ut
462 1011 490 1052 4
517 1005 581 1053 ad
606 1011 651 1063 5,
677 1020 876 1052 necesse
901 1005 1048 1052 etiam
1073 1012 1146 1052 est
1170 1003 1529 1067 longitudinem
1555 1003 1783 1051 semidia-

389 1081 531 1128 metri
573 1096 677 1128 esse
719 1080 783 1127 ad
828 1079 1186 1143 longitudinem
1229 1079 1440 1127 semissis
1483 1095 1625 1126 arcus
1664 1095 1783 1143 qua-

391 1157 578 1205 drantis
624 1163 679 1203 ut
723 1163 749 1203 5
797 1156 859 1203 ad
901 1162 948 1203 4.
1017 1156 1184 1203 'Debet
1226 1155 1376 1218 igitur
1415 1155 1664 1202 Wallisius
1706 1153 1785 1202 vel

391 1232 698 1295 acquiescere
722 1231 772 1278 in
798 1231 1149 1285 demonstrato,
1176 1230 1254 1278 vel
1288 1230 1339 1277 in
1366 1229 1785 1277 demonstratione

393 1308 622 1370 detegere
646 1306 1040 1369 paralogismum.
1112 1305 1209 1353 Sed
1246 1322 1405 1369 neque
1445 1306 1630 1353 detexit
1653 1305 1787 1368 quis-

394 1400 556 1447 quam,
591 1399 749 1445 neque
774 1382 1002 1445 detegere
1038 1390 1217 1444 potest,
1241 1389 1445 1445 propter
1481 1381 1788 1429 demonstra-

393 1459 540 1507 tionis
559 1458 970 1521 perspicuitatem.

461 1534 617 1582 Venio
657 1549 788 1581 nunc
829 1533 892 1580 ad
925 1532 1251 1596 objectionem
1282 1531 1506 1591 Wallisii,
1543 1539 1791 1596 sumptam

397 1625 457 1658 ex
481 1625 538 1658 eo
563 1609 693 1673 quod
717 1615 926 1672 quatuor
948 1608 1129 1671 quintae
1155 1607 1506 1655 semidiametri
1538 1608 1695 1671 majus
1718 1614 1793 1656 est

399 1701 544 1748 quam
570 1685 781 1732 semissis
811 1699 953 1732 arcus
979 1682 1282 1747 quadrantis.
1352 1682 1622 1731 Ostendam
1654 1699 1790 1747 ergo,

397 1761 572 1824 primo,
596 1760 864 1807 invalidum
888 1775 1007 1818 esse,
1034 1766 1084 1806 et
1107 1759 1508 1823 consequentiam
1526 1759 1715 1807 falsam.

466 1836 718 1899 Siquidem
741 1835 870 1883 enim
893 1851 981 1897 per
1012 1835 1141 1882 latus
1173 1834 1530 1898 longitudinem
1564 1834 1792 1883 semidia-

397 1912 543 1959 metri
578 1911 819 1974 intelligat
855 1910 1025 1958 circuli
1048 1909 1287 1973 quadrato
1329 1910 1568 1974 inscripti,
1601 1918 1651 1959 et
1687 1910 1792 1959 sine

397 1986 682 2035 latitudine:
718 1993 946 2050 sequetur
970 1986 1244 2044 manifeste,
1269 1986 1498 2050 quoniam
1534 1985 1793 2050 longitudo

398 2063 502 2110 sine
538 2061 799 2110 latitudine
829 2062 949 2109 nihil
975 2070 1063 2118 est,
1098 2062 1228 2110 latus
1261 2061 1487 2124 quadrati
1527 2078 1631 2110 esse
1655 2062 1793 2121 nihil,

397 2153 555 2202 neque
588 2138 786 2186 omnino
825 2138 1005 2185 habere
1029 2137 1372 2201 quantitatem,
1397 2138 1449 2186 id
1486 2146 1580 2197 est,
1605 2138 1795 2186 nullum

399 2229 502 2261 esse
528 2213 754 2276 quadrati
778 2213 922 2261 latus.

389 2327 396 2350 s
467 2289 674 2346 Deinde,
707 2290 747 2337 si
781 2290 1026 2353 cogitetur
1049 2285 1341 2353 quadratum
1366 2289 1620 2337 terminari
1651 2287 1797 2337 undi-

391 2381 591 2428 quaque
625 2371 834 2428 quatuor
871 2365 1019 2413 rectis
1057 2365 1324 2428 aequalibus
1362 2365 1465 2412 sine
1502 2363 1795 2413 latitudine:

390 2440 602 2490 haberet
626 2440 918 2504 quadratum
944 2440 1012 2488 sic
1036 2441 1205 2488 fictum
1230 2440 1434 2503 angulos
1451 2440 1628 2488 nullos.
1666 2440 1797 2488 Nam

399 2515 608 2578 angulus
628 2532 656 2563 a
676 2515 864 2564 duobus
882 2516 1046 2564 nihilis
1068 2516 1301 2564 constitui
1326 2532 1423 2563 non
1442 2523 1621 2579 potest,
1638 2531 1797 2580 neque

400 2591 694 2655 quadratum
717 2607 748 2639 a
766 2591 1012 2655 diagonali
1032 2591 1204 2640 dividi:
1230 2591 1344 2656 quia
1368 2591 1511 2639 simul
1534 2591 1799 2640 dividenda

401 2675 564 2715 essent
588 2674 771 2730 puncta
795 2667 1059 2730 angularia,
1088 2683 1194 2730 quae
1218 2675 1562 2731 supponuntur
1581 2667 1799 2716 indivisi-

400 2743 534 2791 bilia.
603 2742 764 2790 Etiam
789 2752 987 2806 puncta,
1019 2744 1122 2791 sive
1158 2743 1360 2790 minima
1395 2742 1651 2802 linearum,
1677 2758 1799 2807 qua-

401 2818 670 2877 dratorum,
713 2826 764 2866 et
810 2819 1060 2880 cuborum,
1101 2826 1266 2867 essent
1306 2817 1436 2866 inter
1481 2834 1532 2866 se
1575 2818 1800 2882 aequalia.

403 2895 660 2953 Praeterea,
684 2893 862 2943 lineam
887 2895 990 2943 sine
1014 2893 1321 2958 longitudine
1347 2893 1556 2943 existere
1581 2909 1643 2944 ne
1664 2893 1799 2958 cogi-
