1982 3204
612 287 869 323 CENSURA
898 288 1117 322 naevis.
1497 281 1559 322 55

170 397 544 447 transmittitur.
615 399 777 448 Quam
801 398 1137 447 definitionem
1160 394 1336 457 meam,
1371 407 1559 448 mutato

167 472 477 522 velocitatem
501 474 551 521 in
574 473 889 532 celeritatem,
913 473 1252 537 redditamque
1269 474 1560 534 breviorem,

167 548 255 597 sed
277 548 567 597 tantundem
592 548 735 597 simul
759 548 1106 608 obscuriorem,
1126 565 1257 597 nunc
1272 565 1411 597 suam
1425 550 1557 599 facit.

670 720 956 755 DEFINITIO
991 721 1050 755 X.

234 803 472 870 AEqualis
494 804 733 852 celeritas
768 812 862 864 est,
883 822 994 870 qua?
1016 804 1250 869 oequalem
1286 805 1560 870 longitudi-

166 897 273 930 nem
294 880 473 945 «equali
494 886 714 945 tempore
737 881 1002 947 transigit.
1509 900 1535 927 x

233 956 503 1020 Desumpta
525 964 599 1003 est
632 971 694 1004 ex
723 956 849 1004 libro
873 972 983 1006 meo
1009 971 1081 1006 nn
1109 971 1375 1017 CORPORE,
1400 956 1482 1004 lib.
1510 964 1559 1006 et

166 1047 272 1097 cup.
291 1031 480 1092 iisdem,
504 1039 597 1080 art.
625 1034 699 1086 17.

653 1188 947 1222 Dssrmrrlo
986 1189 1066 1222 xl.

230 1274 407 1338 Major
451 1273 689 1323 celeritas
732 1281 808 1322 est
853 1291 957 1338 quae
1001 1275 1237 1338 majorem
1282 1273 1558 1339 longitudi-

163 1366 271 1399 nem
292 1349 473 1414 aequali
495 1356 714 1415 tempore
737 1350 998 1415 transigit,
1023 1350 1103 1399 vel
1123 1350 1311 1398 minore
1334 1356 1569 1421 tempore(

164 1425 414 1490 aequalem.

232 1509 357 1558 Haec
374 1524 570 1573 quoque
587 1524 648 1557 ex
671 1508 845 1557 eodem
867 1508 977 1558 loco
1000 1507 1260 1574 desumpta
1282 1516 1372 1558 est.

642 1657 937 1692 DEFINITIO
963 1657 1067 1691 xn.

234 1744 478 1793 Gravitas
516 1750 594 1792 est
631 1744 706 1793 vis
740 1744 923 1794 matrix
949 1744 1194 1803 deorsum,
1217 1744 1321 1793 sive
1343 1744 1418 1792 ad
1448 1761 1559 1793 cen-

163 1826 292 1869 trum
325 1826 494 1869 terroe.

228 1895 309 1944 Ad
341 1895 470 1944 hanc
506 1894 842 1943 definitionem
865 1895 1133 1958 subjungit,
1169 1898 1202 1921 “
1220 1894 1468 1959 quodnam
1492 1895 1558 1943 sit

161 1971 214 2019 in
261 1970 653 2019 consideratione
697 1970 901 2034 physica
945 1971 1204 2034 gravitatis
1243 1970 1555 2034 principium,

160 2061 261 2094 non
306 2046 386 2094 hic
430 2045 768 2109 inquirimus.”
846 2045 945 2094 Sed
991 2061 1081 2094 cur
1125 2062 1225 2094 non
1268 2045 1555 2109 inquisivit?

161 2125 193 2147 “
210 2121 387 2180 Gaia?
411 2122 588 2185 inquit,
613 2124 646 2147 “
663 2121 842 2169 sufficit
866 2130 919 2169 ut
942 2121 1198 2185 gravitatis
1222 2122 1420 2169 nomine
1445 2137 1556 2168 eam

159 2196 504 2261 intelligamus,
529 2212 675 2261 quam
698 2212 827 2260 saepe
862 2196 1272 2260 deprehendimus
1294 2197 1394 2245 vim
1419 2195 1556 2244 deor-

160 2288 270 2321 sum
305 2272 551 2330 movendi,
574 2282 681 2320 tum
712 2273 870 2335 ipsum
905 2288 1084 2336 corpus
1119 2289 1284 2336 grave,
1309 2281 1416 2320 tum
1446 2287 1556 2335 quae

159 2348 360 2397 obstant
381 2347 542 2396 minus
565 2347 780 2396 efficacia
802 2347 1200 2411 impedimenta.”
1267 2348 1437 2411 Itaque
1462 2347 1556 2394 sci-

155 2422 295 2472 entia
334 2439 591 2471 causarum
636 2423 911 2486 gravitatis,
960 2423 1061 2470 sive
1107 2430 1271 2470 motus
1315 2422 1555 2486 gravium,

158 2498 424 2563 professori
449 2498 695 2546 Saviliano
717 2514 818 2546 non
840 2497 1036 2546 videtur
1055 2497 1329 2546 conducere
1353 2497 1417 2545 ad
1442 2496 1555 2544 doc-

160 2573 343 2622 trinam
385 2573 676 2638 ponderum.
754 2573 945 2621 Sufficit
988 2572 1076 2631 illi,
1122 2573 1293 2636 gravia
1336 2571 1556 2635 recipere

170 2665 301 2710 4,-
302 2670 411 2711 ‚=:
445 2651 498 2700 id
520 2659 611 2710 est,
626 2650 766 2716 plus,
790 2651 961 2709 minus,
971 2649 1211 2731 (etquale
1234 2650 1373 2713 quasi
1397 2649 1438 2696 si
1462 2647 1558 2696 alia

159 2733 292 2775 esset
321 2743 468 2775 causa
498 2726 755 2790 gravitatis
778 2742 925 2790 quam
948 2742 1058 2790 quae
1081 2734 1174 2784 est,
1199 2725 1371 2774 eadem
1408 2739 1558 2787 appa-

162 2807 329 2850 rerent
349 2801 482 2851 circa
502 2801 909 2866 ponderationem
933 2801 1098 2851 omnia
1121 2817 1232 2864 quae
1251 2816 1383 2850 nunc
1407 2814 1557 2862 appa-

166 2882 294 2924 rent.

1605 417 1816 445 nermrrlo

1687 471 1742 497 lx.
