1982 3204
442 272 499 304 IN
530 272 823 305 MERSENM
853 271 1241 306 BALLISTICAM.
1454 265 1557 315 317.

146 381 419 445 jucundus,
452 383 493 430 si
525 384 682 446 juvat,
724 382 969 439 molestus,
993 383 1034 430 si
1072 392 1219 431 nocet
1259 392 1310 431 et
1352 385 1554 448 impedit

161 468 348 506 motum
374 458 551 507 cordis.
621 459 711 507 Est
733 466 897 506 autem
930 466 1089 505 motus
1126 458 1175 505 in
1202 475 1300 521 quo
1334 460 1556 508 consistit

162 532 440 591 delectatio,
460 534 755 598 principium
781 542 943 581 motus
967 533 1189 581 animalis
1207 550 1374 581 versus
1393 535 1556 598 objec-

163 617 269 656 tum
291 625 322 656 a
342 625 440 672 quo
465 618 706 667 movetur,
731 609 937 673 ideoque
962 617 1165 656 vocatur
1189 609 1558 673 appetitusg-rnt

162 684 460 748 principium
506 694 669 733 motus
715 685 938 748 fugiendi
978 685 1241 748 objectum,
1283 685 1558 748 appellatur

143 759 292 825 suga
314 760 391 808 vel
415 760 625 818 aversio,
649 776 708 808 ac
742 759 985 808 molestia.
1058 759 1183 809 Quae
1216 759 1492 819 delectatio,
1519 762 1559 808 si

164 843 416 899 spectetur
431 852 647 900 praesens
670 837 853 899 absque
872 845 1054 885 conatu
1076 836 1358 895 accedendi,
1380 836 1561 885 dicitur

163 927 326 967 amon
350 911 428 959 vel
450 911 728 970 recedendi,
753 912 934 960 odium.

233 986 286 1035 Si
309 985 571 1034 delectatio
607 987 846 1035 consistat
868 987 946 1035 vel
967 988 1018 1035 in
1054 988 1157 1036 sola
1191 987 1560 1051 imaginatione,

164 1061 312 1126 idque
334 1061 412 1110 vel
436 1062 486 1109 in
510 1063 747 1111 memoria
761 1063 838 1110 vel
861 1063 912 1111 in
938 1063 1138 1111 fictione
1159 1084 1171 1118 3
1198 1071 1343 1111 erunt
1366 1072 1562 1111 tantum

164 1136 531 1186 recordationes
560 1146 610 1186 et
645 1138 863 1202 reliquiae
899 1139 1279 1188 delectationum
1316 1139 1563 1188 molestia-

164 1228 370 1276 rumque
387 1213 760 1276 praeteritarum,
779 1214 857 1262 vel
881 1215 1246 1279 expectationes
1268 1215 1562 1274 futurarum,

166 1304 277 1353 quae
299 1288 471 1338 eadem
496 1297 573 1337 est
596 1306 709 1338 cum
733 1291 970 1339 memoria
991 1291 1253 1354 praeteriti:
1277 1291 1355 1339 vel
1378 1291 1429 1339 in
1453 1307 1563 1338 sen-

166 1363 302 1412 sione
325 1373 376 1412 et
399 1364 751 1427 imaginatione
777 1366 937 1414 simul.
989 1366 1183 1430 Haeque
1207 1366 1315 1414 duae
1337 1366 1494 1414 ambae
1512 1381 1570 1414 se

166 1454 267 1487 non
291 1455 403 1487 raro
426 1440 498 1487 ita
521 1440 905 1505 interrumpunt,
930 1449 982 1489 et
1015 1442 1405 1505 reciprocatione
1440 1441 1565 1490 adeo

167 1513 332 1574 celeri,
357 1515 488 1563 utin
525 1515 736 1564 mediam
772 1516 1019 1580 quandam
1052 1517 1258 1565 conflari
1280 1517 1566 1565 videantur:

166 1588 299 1638 unde
321 1590 635 1654 postmodum
659 1591 810 1639 animi
835 1592 1249 1655 perturbationes,
1275 1609 1361 1641 seu
1383 1593 1568 1657 passio-

167 1681 271 1726 nes,
294 1673 353 1714 ut
387 1681 515 1729 speS,
551 1675 727 1725 metus,
763 1667 853 1726 ira,
889 1668 1089 1727 invidia,
1125 1669 1388 1727 aemulatio,
1412 1668 1568 1731 poeni-

168 1741 342 1800 tentia,
360 1741 628 1789 ridentium
649 1752 700 1790 et
717 1742 941 1791 flentium
960 1744 1181 1802 affectus,
1197 1751 1247 1791 et
1264 1743 1372 1792 aliae
1395 1759 1568 1808 prope·

169 1817 372 1866 modum
396 1817 601 1866 infinitae
626 1818 905 1866 nominibus
927 1827 1167 1866 carentes.

237 1893 427 1941 Bonum
453 1901 634 1952 autem,
653 1901 703 1941 et
721 1893 916 1952 malum,
934 1894 1134 1958 proprie
1152 1893 1383 1942 dicuntur
1402 1893 1463 1942 de
1482 1893 1571 1941 ob-

165 1968 336 2032 jectis;
373 1967 505 2031 quod
529 1984 643 2016 cum
678 1969 853 2033 cuique
877 1969 1056 2032 placet,
1081 1985 1192 2017 eum
1229 1968 1459 2027 delectat,
1485 1976 1571 2016 aut

171 2044 235 2094 ab
276 2059 335 2091 eo
371 2043 638 2106 appetitur,
676 2043 728 2092 id
769 2044 860 2108 ipsi
900 2043 1070 2092 bonum
1111 2044 1313 2099 dicitur;
1350 2052 1399 2092 et
1439 2043 1572 2108 quod

172 2118 452 2175 molestum,
499 2118 703 2167 malum:
742 2118 1021 2184 pulchrum,
1064 2119 1115 2167 in
1150 2136 1248 2183 quo
1289 2128 1403 2168 sunt
1444 2118 1573 2183 signi

172 2194 308 2253 boni,
331 2195 383 2242 in
417 2210 515 2257 quo
553 2210 651 2241 non
689 2203 820 2253 sunt,
858 2201 1037 2258 turpe:
1073 2195 1197 2243 adeo
1235 2204 1291 2243 ut
1323 2195 1495 2243 honum
1523 2202 1574 2242 et

174 2271 353 2319 malum
378 2270 581 2318 relative
605 2269 669 2317 ad
694 2285 952 2333 personam
976 2269 1219 2318 dicantur.

242 2345 367 2394 Cum
391 2353 559 2393 autem
586 2362 695 2408 quae
719 2346 918 2409 placent
942 2362 1054 2394 cum
1078 2346 1138 2395 iis
1161 2363 1270 2410 quae
1295 2346 1573 2409 displicent,

175 2437 263 2470 seu
283 2421 416 2469 bona
432 2429 484 2469 et
502 2421 646 2478 mala,
666 2422 736 2470 ita
760 2430 1139 2479 connectuntur,
1153 2432 1210 2470 ut
1228 2422 1373 2470 unico
1394 2422 1575 2470 intuitu

177 2513 276 2546 non
299 2497 541 2560 possimus
565 2513 719 2560 usque
743 2497 807 2546 ad
842 2498 1062 2546 cathenae
1098 2498 1247 2546 finem
1279 2498 1574 2561 prospicere,

178 2580 230 2620 et
265 2571 569 2620 connexione
609 2579 711 2620 tam
748 2581 887 2620 arcta
927 2580 1304 2629 connectuntur,
1339 2580 1394 2619 ut
1432 2571 1576 2619 simul

178 2646 417 2695 sumenda
432 2646 509 2694 vel
534 2646 857 2711 relinquenda
874 2647 1000 2702 sint;
1026 2648 1135 2695 siin
1155 2664 1214 2696 ea
1232 2647 1356 2695 serie
1381 2647 1488 2710 plus
1513 2646 1578 2693 sit

178 2722 297 2770 boni
322 2738 468 2786 quam
495 2722 627 2780 mali,
652 2730 812 2770 totum
837 2723 1021 2771 bonum
1059 2732 1152 2782 est,
1187 2723 1392 2785 ideoque
1416 2729 1575 2769 totum

179 2798 337 2853 bene;
373 2813 511 2846 secus
535 2813 652 2845 vero
688 2798 814 2846 male
849 2798 1072 2846 sumitur.
1141 2798 1280 2846 Tunc
1304 2813 1420 2845 vero
1452 2796 1577 2844 falli-
