1982 3204
723 290 1167 326 nccnnsms‘rlca.
1543 290 1634 334 401

253 396 371 455 Ergo
390 413 504 449 cave,
526 398 562 441 si
581 398 658 449 vis,
679 414 733 442 ne
754 399 864 443 forte
884 400 987 457 fuga
1007 400 1208 444 vitiorum

314 464 365 506 In
386 465 544 520 majora
563 479 672 516 ruas,
692 466 1014 522 barbariemque
1034 482 1206 510 meram.

253 529 357 573 Non
377 530 488 573 fauna
507 531 647 587 pejore
668 531 864 575 videbere
885 532 1043 589 templa
1057 533 1248 583 deorum,
1453 575 1458 577 ,

310 597 517 641 Doctrina
535 598 720 642 celebres
740 614 869 655 quam
889 599 1067 656 spoliare
1092 599 1278 643 Scholas.
1532 606 1641 646 1950

251 663 334 707 Pr.
366 663 468 707 Non
487 664 583 715 illis,
604 665 746 708 studio
765 665 921 721 quibus
941 672 1006 709 est
1026 666 1243 723 sapientia,
1264 673 1309 709 et
1329 655 1513 717 artesf‘

309 729 446 773 Tecta
464 732 655 788 superba,
676 731 818 782 libros,
839 731 1007 775 invideo
1028 747 1106 775 nec
1125 747 1237 790 opes.
1287 764 1289 767 <

250 794 369 853 Opto
389 796 474 847 sed,
494 798 539 838 in
559 797 717 853 primis,
739 804 789 840 ut
807 813 907 840 vera
927 798 1103 841 scientia
1122 805 1295 849 crescat,

308 861 459 918 thue
479 862 614 906 sciens
633 863 769 906 omnis
789 863 846 906 sit
864 879 1015 906 manus
1035 864 1236 907 artificis:

251 927 403 984 thue
422 928 559 971 omnis
578 929 725 972 doctor
744 929 848 984 quid
869 930 1035 985 justum
1055 937 1121 973 est
1139 930 1254 973 norit
1273 937 1317 973 et
1337 945 1519 986 acquum,

309 993 493 1050 Quoque
512 994 655 1037 Deum
674 994 823 1038 deceat
841 995 1063 1039 conciliare
1083 996 1209 1039 modo
1225 1012 1237 1047 ;

249 1059 311 1103 Et
329 1075 424 1116 quae
443 1060 703 1110 conducunt,
725 1075 823 1116 quae
844 1068 946 1104 sunt
965 1062 1174 1105 contraria
1194 1062 1311 1114 Paci,

306 1125 525 1181 Quaelibet
544 1133 589 1170 et
607 1126 746 1170 virtus
766 1127 880 1170 unde
901 1128 958 1171 sit
977 1135 1022 1171 et
1040 1128 1194 1171 vitium
1212 1147 1224 1178 ;

246 1190 431 1235 Noverit
450 1198 495 1235 et
514 1191 633 1234 sactu
654 1192 759 1248 quid
779 1199 904 1249 turpe
927 1193 996 1243 sit,
1018 1199 1063 1236 et
1083 1194 1187 1250 quid
1206 1194 1455 1244 honestum3

305 1256 511 1314 Quosque
531 1266 679 1301 onerat
697 1273 840 1302 rerum
860 1259 993 1315 copia,
1015 1274 1209 1316 quosque
1228 1260 1369 1310 levat3
1528 1261 1638 1302 1960

247 1321 366 1378 Quid
386 1338 554 1380 sperare
573 1324 690 1375 facit,
712 1325 817 1380 quid
837 1331 982 1375 terret,
1004 1325 1196 1381 quidque
1215 1326 1374 1382 pudere

305 1388 454 1446 Cogit;
486 1390 647 1446 quique
666 1390 869 1433 humilem
889 1390 1058 1434 noverit
1076 1391 1250 1448 erigere.

246 1453 354 1498 Haec
373 1455 409 1498 si
429 1456 525 1511 quis
543 1463 659 1499 recte
678 1456 832 1506 scierit,
853 1456 1096 1512 poteritque
1115 1464 1293 1513 paterno

303 1520 404 1573 Ore,
425 1522 548 1578 quasi
565 1522 620 1565 ad
637 1529 775 1573 natos,
796 1537 893 1565 cum
913 1523 1124 1579 gravitate
1145 1523 1290 1579 loqui3

243 1586 342 1631 Nec
359 1588 541 1645 propriae
560 1588 701 1631 suevit
724 1588 936 1632 contraria
955 1587 1095 1632 dicere
1114 1589 1222 1639 voci,

302 1653 399 1697 Nec
419 1669 516 1710 quae
534 1670 622 1698 non
643 1655 859 1711 quadrant
878 1669 976 1698 cum
994 1655 1159 1699 ratione
1178 1655 1328 1706 docet3

243 1720 307 1764 Et
323 1721 439 1765 norit
456 1722 704 1766 methodum
723 1719 884 1765 rectam
905 1737 991 1778 qua
1010 1737 1193 1778 quaeque
1216 1722 1404 1766 docenda

301 1787 393 1830 Ars
411 1794 504 1838 θεὶς
535 1787 650 1831 illius
671 1794 715 1831 et
733 1787 871 1844 prima
885 1788 1095 1831 elementa
1114 1788 1231 1831 sciat.

241 1854 328 1897 Soc.
359 1853 527 1898 Verum
548 1854 645 1910 quis
665 1861 755 1897 tam
773 1854 924 1898 doctus
943 1854 989 1897 in
1009 1854 1102 1911 ipsa
1119 1862 1186 1898 est
1204 1861 1295 1898 arte
1314 1853 1505 1904 docendi,

300 1920 510 1964 Omnibus
529 1928 580 1963 ut
599 1927 760 1964 mereat
779 1920 960 1964 scribere
974 1921 1073 1977 jura
1091 1921 1276 1964 scholis?
1521 1921 1632 1962 1970

242 1988 318 2031 Pr.
348 1986 383 2030 J
384 1987 514 2030 udicii
533 2002 599 2030 res
620 1994 685 2030 est
704 1993 749 2030 et
767 1987 971 2030 doctrinae
990 1987 1236 2031 mediocris:

298 2051 361 2095 Et
379 2052 518 2095 facere
537 2052 617 2096 hoc
636 2067 803 2109 possem
822 2052 933 2095 sorte
951 2052 1169 2109 (vocatus)
1189 2052 1297 2110 ego'.

241 2117 375 2162 Hunc
394 2133 474 2176 ego
493 2118 720 2174 quantovis
738 2118 891 2161 merito
909 2118 1116 2175 dignabor
1134 2118 1318 2162 honore:

299 2184 431 2228 Hunc
450 2185 586 2228 metui
604 2184 751 2241 populi
770 2183 960 2240 postulat
978 2184 1153 2228 utilitas.

241 2248 447 2294 Nondum
467 2265 512 2294 se
531 2266 653 2308 reges
673 2250 775 2293 satis
795 2250 994 2294 afflixisse
1012 2251 1195 2308 putabat

296 2315 439 2374 Papa:
471 2317 591 2361 suere
610 2317 762 2374 amplae
782 2333 888 2373 quas
906 2319 1125 2361 metuebat
1143 2333 1254 2374 opes,

220 2380 362 2437 ‘Quas
379 2390 431 2426 ut
448 2398 525 2441 pro
545 2382 718 2428 Christo
738 2391 910 2441 possent
929 2383 1088 2427 fudisse
1108 2383 1256 2434 videri,

297 2447 354 2492 In
372 2449 533 2493 bellum
552 2449 694 2494 Eoum
714 2451 794 2494 sub
815 2449 955 2494 Cruce
974 2450 1111 2494 mittit
1129 2465 1212 2493 eos.

239 2512 442 2570 Namque
460 2515 588 2559 armis
607 2516 761 2559 Asiam
785 2516 984 2560 Saraceni
1003 2523 1109 2560 tunc
1127 2523 1302 2559 tenuere

296 2578 428 2637 Papoe
447 2581 712 2633 subductam,
733 2597 829 2638 quae
848 2582 1078 2640 repetenda
1096 2582 1195 2625 fuit.
1517 2582 1626 2622 1980

239 2643 349 2690 Inde
366 2645 468 2688 mali
487 2645 643 2690 Martis
662 2647 851 2691 crudelia
870 2649 1047 2691 verbera
1065 2647 1190 2704 passi,

296 2709 510 2755 Exhausti
528 2711 708 2756 redeunt
725 2713 779 2756 ad
798 2714 910 2756 mala
927 2713 1065 2756 multa
1083 2713 1210 2756 domi.

241 2775 351 2819 Mox
368 2777 528 2833 majora
544 2777 685 2830 audet,
705 2793 855 2836 regum
874 2779 1045 2822 feritate
1065 2780 1266 2822 subacta:

538 2908 550 2930 ¹
578 2908 686 2955 [vide
702 2909 941 2954 Lxx-uranu,
956 2910 1115 2957 Angssce,
1130 2922 1163 2957 p.
1181 2906 1318 2952 3³1·2.]

370 2969 495 3005 vul..
515 2971 567 3005 V.
1401 2970 1435 3003 D
1454 2970 1487 3003 D
