1982 3204
475 282 719 321 Αιιαυοτ
744 281 1103 315 GnounTch
1132 282 1244 316 mc.
1453 273 1536 316 181

163 403 212 443 et
227 402 486 459 propterea
498 411 712 458 gnomon
726 395 807 443 ille
831 393 1103 457 triplicatus
1118 402 1168 441 et
1181 393 1295 442 huic
1310 409 1542 458 superpo-
1612 411 1701 436 cn·
1724 411 1777 437 vn.

163 470 286 518 situs
310 487 599 533 congruere:
637 470 722 519 sed
746 486 845 518 non
869 468 1111 532 congruit,
1130 485 1243 516 nam
1259 469 1415 517 minor
1439 478 1540 518 est:
1561 493 1604 521 n„
1624 494 1735 522 „nono
1752 495 1825 530 ma.

162 545 356 593 videtur
379 546 492 593 hinc
512 545 737 593 concludi
764 559 904 608 posse
922 543 1049 590 latus
1067 543 1305 607 quadrati,
1325 545 1542 606 quod-sit
1558 538 1693 608 'gffssffu'fd
1712 538 1824 565 ‘⁸⁴¹⁵'”¹'

164 619 425 684 decuplum
458 621 681 685 quadrati
705 637 734 668 a
758 619 1045 676 semilatere‚
1069 620 1224 682 majus
1259 635 1362 667 esse
1398 636 1541 683 quam

164 696 455 759 quadratum
481 712 511 743 a
535 696 630 744 BL.
695 696 860 744 Quare
884 694 1076 742 autem?
1135 695 1264 743 Quia
1286 695 1445 742 minus
1470 704 1544 743 est

165 780 399 834 quantum
415 779 487 819 est
507 770 707 834 duplum
723 769 1064 832 quadratulum
1080 769 1171 828 mh,
1186 769 1263 817 vel
1278 770 1442 827 cZ,vel
1456 771 1541 818 eY.

231 846 358 894 Nam
383 846 635 909 supposito
660 854 844 892 rectam
877 844 960 892 BC
988 844 1190 892 divisam
1218 860 1323 892 esse
1347 845 1398 892 in
1423 845 1539 904 dum

165 922 334 971 decem
371 932 534 985 partes
572 920 796 984 aequales,
834 927 992 968 totum
1033 919 1323 983 quadratum
1366 921 1543 968 ABCD

163 999 257 1047 erit
292 998 482 1045 illarum
520 996 734 1060 partium
774 1002 887 1043 144:
931 995 1224 1059 quadratum
1258 995 1418 1043 CIYH
1455 1002 1542 1044 48:

162 1074 296 1131 item,
334 1072 626 1135 quadratum
667 1071 760 1119 AX
797 1077 884 1118 48:
923 1080 973 1118 et
1013 1070 1303 1134 quadratum
1343 1071 1426 1118 DZ
1462 1076 1542 1119 48.

165 1148 288 1197 Haec
311 1148 475 1195 omnia
498 1155 611 1195 sunt
634 1152 749 1195 288.
797 1146 1042 1196 Quoniam
1066 1155 1228 1194 autem
1252 1146 1545 1210 quadratum

162 1239 193 1272 a
215 1223 279 1271 CI
304 1223 576 1271 semilatere
601 1231 675 1270 est
695 1228 774 1280 36,
800 1231 957 1269 totum
984 1222 1291 1285 quadratum,
1316 1222 1446 1286 quod
1471 1230 1547 1270 est

163 1300 267 1362 ejus
291 1298 568 1362 decuplum,
594 1298 739 1345 debet
763 1314 867 1345 esse
893 1303 1004 1346 360.
1043 1298 1254 1360 Dempto
1280 1298 1430 1361 igitur
1447 1303 1544 1346 288

162 1390 193 1422 a
216 1379 329 1431 360,
354 1374 592 1437 reliquum
618 1378 678 1428 72
709 1373 854 1421 debet
877 1389 982 1421 esse
1001 1374 1186 1436 aequale
1211 1373 1399 1422 duobus
1422 1381 1544 1421 rect·
1560 1398 1572 1401 s

162 1449 353 1513 angulis
371 1449 636 1512 aequalibus
654 1449 748 1496 XD
768 1456 816 1496 et
834 1449 938 1506 DY,
959 1457 1008 1495 et
1022 1449 1259 1496 utrumvis
1279 1449 1424 1496 debet
1442 1465 1546 1497 esse

164 1530 250 1574 36:
270 1524 355 1572 sed
373 1540 472 1572 non
490 1532 579 1572 est.
616 1525 702 1571 Est
721 1523 850 1571 enim
872 1523 1164 1587 quadratum
1180 1525 1261 1572 FD
1270 1524 1347 1572 ΚΙι·
1359 1524 1546 1588 aequale

163 1599 402 1664 quadrato
427 1615 457 1647 a
482 1599 563 1647 BE
582 1599 659 1646 vel
685 1599 764 1657 CI,
784 1598 834 1646 id
860 1608 934 1646 est
959 1604 1050 1646 36:
1076 1616 1105 1647 a
1124 1616 1219 1663 quo
1239 1600 1278 1647 si
1297 1600 1546 1647 auferatur

162 1675 501 1739 rectangulum
525 1674 585 1722 Fl
608 1683 659 1722 et
690 1674 902 1722 addatur
929 1676 1267 1738 rectangulum
1295 1676 1409 1734 XK,
1433 1691 1546 1723 cum

163 1750 284 1799 illud
308 1751 463 1813 majus
487 1750 551 1798 sit
584 1766 727 1813 quam
761 1750 853 1798 hoc
877 1760 1113 1814 quantum
1145 1759 1217 1799 est
1253 1751 1546 1814 quadratum

163 1825 261 1884 kx,
300 1826 539 1890 reliquum
580 1826 918 1889 rectangulum
955 1827 1050 1874 XD
1085 1827 1244 1874 minus
1273 1828 1367 1875 erit
1400 1843 1546 1891 quam

163 1901 452 1965 quadratum
481 1901 581 1959 FK,
608 1901 660 1948 id
683 1909 757 1948 est
782 1917 927 1964 quam
954 1907 1034 1959 36,
1060 1910 1293 1965 quantum
1329 1910 1403 1951 est
1427 1919 1546 1966 qua-

164 1976 357 2025 dratum
382 1976 463 2024 kx
489 1977 565 2024 vel
589 1977 669 2024 cZ.
730 1977 933 2040 Propter
956 1977 1160 2025 eandem
1185 1993 1396 2034 causam,
1420 1985 1547 2025 rect-

163 2052 396 2116 angulum
432 2053 521 2100 DY
556 2052 716 2100 minus
753 2053 899 2100 etiam
931 2060 1006 2100 est
1035 2068 1180 2116 quam
1205 2058 1284 2110 36,
1310 2061 1548 2116 quantum

164 2135 239 2176 est
264 2127 557 2192 quadratum
575 2128 646 2175 eY
664 2127 740 2175 vel
764 2129 843 2175 cZ.
914 2129 1002 2176 Est
1024 2144 1141 2192 ergo
1159 2137 1318 2176 totum
1342 2129 1546 2192 quadra-

163 2211 270 2252 tum
289 2204 466 2253 BLZM
493 2204 652 2251 minus
668 2220 814 2267 quam
832 2203 1090 2267 decuplum
1114 2204 1340 2267 quadrati
1357 2221 1387 2252 a
1404 2204 1547 2252 semi-

163 2279 332 2337 latere,
363 2279 496 2342 quod
527 2287 599 2327 est
632 2285 712 2337 36,
737 2287 971 2343 quantum
1005 2287 1080 2327 est
1112 2279 1313 2343 duplum
1341 2279 1547 2344 quadra-

164 2355 323 2403 tnlum
342 2355 422 2403 cZ.

233 2429 366 2479 Quid
398 2428 460 2477 ad
485 2429 590 2477 haec
613 2428 895 2492 responderi
920 2428 1114 2492 potest?
1185 2428 1237 2477 Si
1273 2429 1323 2477 in
1348 2429 1549 2477 demon-

165 2507 402 2555 stratione
425 2507 587 2570 priore
612 2506 745 2554 locus
770 2506 833 2554 sit
855 2506 1236 2569 reprehensioni,
1272 2522 1388 2554 sane
1411 2506 1547 2554 nihil.

169 2581 268 2631 Sed
302 2581 386 2630 illa
406 2597 540 2630 mere
563 2581 874 2629 arithmetica
897 2588 986 2639 est,
1010 2581 1094 2628 ubi
1126 2581 1223 2629 labi
1255 2581 1413 2629 minus
1435 2596 1549 2644 pro-

167 2673 284 2705 num
308 2665 398 2704 est.

236 2731 408 2794 Itaque
432 2731 756 2794 objectionem
780 2731 938 2795 primo
972 2730 1235 2779 invalidam
1259 2746 1362 2779 esse
1387 2738 1549 2779 osten-

170 2807 283 2856 dam
303 2824 316 2853 ε
351 2805 526 2854 deinde
560 2806 833 2855 differentia
871 2806 953 2854 illa
998 2805 1132 2869 dupli
1169 2805 1442 2869 quadratuli
1484 2804 1549 2852 cZ

169 2882 301 2931 unde
324 2881 554 2931 nascitur.
