1982 3204
413 247 511 290 280
962 260 1258 293 EPISTOLAE.

151 371 352 442 ζιζζξξζξὶῗιῗιζῑ
412 369 701 432 perientiam
723 390 734 418 :
771 371 953 435 alioqui
977 372 1106 419 enim
1138 372 1236 435 pila
1260 371 1729 434 perpendiculariter
1752 373 1805 421 in

165 460 355 482 r-—r——1
412 453 595 493 terram
619 446 840 494 incidens
864 463 1114 510 nunquam
1139 447 1335 494 resiliet.

479 521 628 569 Nulla
662 522 813 585 igitur
837 522 887 569 in
911 531 1051 586 parte
1085 523 1273 570 laborat
1299 538 1408 570 mea
1433 522 1803 572 demonstratio.

413 596 509 643 Sed
533 596 613 644 ille
637 597 849 661 seipsum
872 597 1014 644 valde
1037 597 1222 656 fefellit,
1243 598 1355 661 quia
1380 606 1567 645 motum
1591 614 1620 645 a
1644 598 1806 646 deter-

409 671 677 719 minatione
714 688 813 719 non
854 672 1111 719 distinxit:
1162 680 1323 719 motus
1361 672 1492 719 enim
1527 673 1630 735 ipse
1670 673 1804 721 nullo

409 746 557 794 modo
590 748 742 794 minui
777 747 938 805 debet,
963 756 1018 794 ut
1043 748 1242 795 reflexio
1278 748 1366 794 fiat
1397 747 1460 795 ad
1484 748 1690 811 angulos
1722 764 1805 796 ac-

410 829 578 870 curate
624 823 851 885 aequales.
946 823 1202 882 Praeterea,
1251 823 1303 870 id
1350 823 1482 886 quod
1527 823 1803 887 assumpsit,

408 897 546 944 nulla
569 897 617 944 vi
641 898 853 945 amoveri
877 898 1008 961 quod
1039 915 1131 946 non
1155 898 1290 946 cedit
1321 897 1594 956 levissimae,
1618 899 1803 947 nullam

406 973 555 1020 habet
597 973 809 1036 speciem
847 975 1082 1023 veritatis.
1156 974 1277 1023 Quis
1320 975 1450 1022 enim
1492 975 1676 1035 credat,
1719 991 1803 1022 ex-

408 1048 556 1111 empli
586 1048 760 1111 gratia,
785 1049 836 1096 in
868 1049 1059 1097 bilance
1100 1050 1293 1113 pondus
1335 1058 1532 1098 centum
1566 1051 1801 1098 librarum

406 1124 764 1187 aliquantulum
801 1125 975 1172 cedere
1015 1126 1222 1188 ponderi
1262 1126 1406 1173 unius
1443 1126 1580 1174 librae
1618 1127 1670 1173 in
1706 1126 1802 1174 alia

405 1199 559 1247 lancis
590 1208 729 1262 parte
762 1200 951 1262 positae,
978 1202 1209 1263 quoniam
1237 1202 1368 1249 cedit
1391 1201 1597 1265 ponderi
1622 1201 1802 1250 ducen-

406 1283 512 1322 tum
552 1275 804 1322 librarum.
875 1275 1102 1323 Concedo
1145 1284 1310 1323 tamen
1345 1277 1572 1335 libenter,
1608 1285 1800 1340 partem

405 1356 551 1397 terrae
569 1349 619 1397 in
639 1366 783 1413 quam
803 1351 902 1413 pila
920 1351 1150 1414 impingit
1168 1351 1525 1415 aliquantulum
1545 1352 1589 1400 ei
1608 1352 1798 1412 cedere,

405 1433 462 1472 ut
486 1426 633 1473 etiam
657 1433 846 1488 partem
882 1426 995 1489 pilae
1020 1427 1070 1473 in
1095 1435 1277 1474 terram
1302 1428 1656 1490 impingentem
1680 1444 1801 1476 non-

403 1501 525 1548 nihil
549 1501 814 1549 introrsum
839 1502 1102 1560 recurvari,
1128 1518 1184 1549 ac
1210 1502 1402 1561 deinde,
1441 1503 1554 1566 quia
1585 1511 1718 1551 terra
1748 1512 1799 1552 et

402 1577 501 1640 pila
526 1578 792 1625 restituunt
827 1594 877 1625 se
913 1587 1026 1640 post
1062 1579 1232 1636 ictum,
1265 1595 1324 1626 ex
1347 1579 1440 1626 hoc
1459 1579 1622 1642 juvari
1646 1579 1799 1627 resul-

402 1661 507 1700 tum
532 1653 657 1715 pilae.
731 1652 826 1700 Sed
859 1654 1046 1700 affirmo
1072 1653 1204 1700 hunc
1235 1654 1468 1701 resultum
1494 1654 1649 1717 magis
1673 1670 1799 1702 sem-

402 1745 490 1791 per
535 1727 761 1791 impediri
802 1729 863 1776 ab
907 1729 1000 1776 ista
1040 1729 1377 1776 incurvatione
1412 1730 1524 1792 pilae
1557 1739 1605 1777 et
1635 1738 1797 1790 terrae,

404 1821 548 1867 quam
585 1805 645 1851 ab
693 1805 796 1866 ejus
838 1805 1149 1852 restitutione
1182 1806 1407 1868 juvetur:
1455 1814 1600 1869 atque
1640 1821 1700 1853 ex
1737 1822 1797 1855 eo

401 1896 543 1943 posse
590 1879 915 1927 demonstrari
956 1881 1273 1928 reflexionem
1318 1881 1446 1944 pilae,
1493 1882 1797 1946 aliorumque

402 1954 641 2017 ejusmodi
683 1971 943 2017 corporum
985 1972 1084 2003 non
1128 1965 1343 2003 extreme
1384 1957 1633 2015 durorum,
1669 1973 1796 2005 nun-

402 2045 546 2092 quam
601 2029 707 2076 fieri
755 2030 818 2077 ad
864 2030 1071 2093 angulos
1117 2039 1344 2079 accurate
1391 2032 1618 2094 aequales,
1696 2032 1797 2081 Sed

402 2105 582 2168 absque
630 2104 1061 2163 demonstratione,
1107 2106 1251 2153 facile
1296 2114 1371 2154 est
1417 2107 1627 2170 experiri
1672 2108 1796 2171 pilas

400 2180 647 2228 molliores
671 2196 770 2227 non
795 2190 897 2228 tam
921 2181 1018 2228 alte
1042 2182 1244 2240 resilire,
1264 2199 1355 2230 nec
1379 2183 1441 2230 ad
1466 2193 1564 2230 tam
1590 2199 1794 2246 magnos

400 2255 623 2319 angulos,
650 2271 797 2317 quam
831 2256 1067 2304 duriores.
1141 2258 1283 2305 Unde
1326 2267 1462 2320 patet
1495 2275 1642 2321 quam
1681 2256 1817 2322 per-¹

399 2347 567 2394 peram
592 2330 794 2378 adducit
830 2332 973 2379 istam
1008 2341 1152 2380 terrae
1178 2332 1431 2380 mollitiem
1456 2333 1519 2381 ad
1543 2334 1793 2398 aequalita-

399 2414 499 2453 tem
540 2406 834 2468 angulorum
875 2407 1331 2455 demonstrandam:
1366 2410 1637 2472 praesertim
1679 2426 1792 2459 cum

397 2497 458 2528 ex
482 2497 540 2528 ea
564 2490 811 2544 sequatur,
837 2482 876 2528 si
919 2490 1051 2529 terra
1083 2491 1131 2529 et
1171 2483 1283 2546 pilae
1318 2492 1420 2531 tam
1458 2484 1594 2532 durae
1629 2493 1794 2534 essent

396 2565 453 2604 ut
477 2557 611 2604 nullo
637 2557 783 2604 modo
808 2557 1055 2612 cederent,
1081 2558 1262 2605 nullam
1300 2559 1404 2606 fore
1442 2560 1792 2609 reflexionem:

397 2632 528 2696 quod
553 2640 626 2680 est
650 2632 951 2680 incredibile.
1024 2632 1169 2681 Patet
1201 2635 1347 2682 etiam
1373 2651 1518 2698 quam
1545 2637 1717 2685 merito
1741 2644 1794 2685 et

395 2717 578 2755 terram
616 2717 666 2755 et
703 2708 850 2771 pilam
889 2708 1103 2771 perfecte
1141 2709 1287 2758 duras
1333 2712 1693 2776 assumpserim,
1733 2721 1791 2761 ut

397 2799 474 2831 res
495 2784 584 2830 sub
609 2799 814 2831 examen
838 2785 1236 2832 mathematicum
1263 2787 1436 2835 cadere
1460 2789 1632 2851 possit.

463 2859 576 2907 Non
600 2859 788 2908 felicior
820 2869 892 2908 est
927 2860 1058 2909 cirea
1090 2861 1452 2922 refractionem,
1478 2880 1590 2912 cum
1616 2863 1789 2919 distin-¹
