1982 3204
706 270 1152 305 sccnsstasrch.
1523 264 1618 315 375

235 376 328 423 Cur
345 393 429 421 non
449 386 494 423 ct
511 379 603 422 sine
623 386 666 422 te
686 378 811 422 liceat
830 378 933 422 mihi
953 394 1102 435 cogere
1125 395 1336 436 quemque

294 444 511 496 Vestrum,
533 445 647 501 quod
667 451 809 502 sperat
828 459 1019 500 quoerere
1038 460 1155 489 more
1175 448 1300 489 meo?

234 510 363 564 Quod
382 511 419 553 si
439 511 659 568 praeceptis
679 526 768 554 rem
788 517 951 554 tantam
971 511 1142 554 credere
1163 512 1315 555 vestris

292 576 473 620 Insanus
492 577 672 634 cupiam,
695 576 791 632 quis
811 576 914 619 mihi
934 576 1087 620 ductor
1106 577 1220 621 erit?

234 641 349 685 Num
369 643 471 686 dum
491 643 693 686 continuo
714 642 926 699 pugnatis,
949 643 1090 686 nescio
1110 644 1256 700 cujum
1452 653 1521 668 ””

293 708 398 752 Sum
418 724 567 766 pecus:
600 716 645 752 et
666 709 810 752 videor
836 709 1030 752 neutrius
1049 724 1139 753 esse
1159 709 1274 752 mihi.

233 774 331 818 Hoc
350 775 449 825 scio,
472 791 564 818 sum
587 774 774 819 Christi:
807 775 882 831 qui
896 775 1028 831 jussit
1046 776 1219 833 regibus
1238 791 1384 820 omnes

290 841 549 884 Auscultate
569 841 667 884 suis.
727 840 826 884 Rex
847 841 950 883 mihi
970 848 1110 885 rector
1124 842 1219 893 erit,

231 905 330 950 Rex
349 906 452 949 mihi
474 914 612 950 rector
630 906 714 950 erit
732 906 873 950 vocis:
906 922 1025 950 mens
1044 907 1178 951 libera
1196 908 1274 951 soli

288 971 463 1016 Parebit
483 972 682 1023 Domino,
704 988 791 1028 quo
810 973 915 1016 velit
934 973 1005 1017 ille
1025 974 1164 1018 modo.
1533 977 1618 1017 970

229 1037 333 1083 Jam
350 1038 495 1082 divina
514 1038 649 1082 Libro
668 1038 819 1082 defixit
837 1039 975 1096 gratia
998 1039 1140 1091 Sacro,

289 1103 429 1159 Quam
450 1106 625 1148 servabo
645 1105 683 1147 F
686 1105 824 1154 idem3
856 1105 892 1147 si
913 1112 1056 1149 tamen
1075 1105 1148 1149 ille
1167 1105 1285 1149 velit.

231 1169 386 1225 Quam,
406 1178 524 1227 puto,
545 1171 766 1214 doctorum
786 1172 997 1214 sententia
1016 1172 1134 1215 nulla
1152 1173 1326 1230 refiget3

289 1235 374 1280 Sed
394 1252 471 1280 nec
491 1252 541 1280 eo
562 1237 710 1294 patriae
724 1237 824 1292 jura
843 1238 998 1280 tenebo
1018 1237 1170 1281 minus.

231 1300 349 1356 Quid
368 1302 490 1346 nobis
510 1303 659 1354 Arius,
681 1302 785 1358 quid
806 1303 1107 1346 Athanasius?
1156 1303 1390 1360 Reperitur

286 1367 340 1411 In
360 1368 448 1412 solo
468 1385 586 1413 sacro
604 1369 748 1413 codice
767 1369 892 1426 plena
912 1369 1038 1412 salus.

229 1433 360 1479 Unde
380 1435 512 1493 igitur
531 1435 710 1479 Patrum
730 1435 938 1478 discordia
957 1442 1079 1478 tanta
1098 1435 1290 1492 prosecta
1306 1441 1385 1484 est,

289 1500 336 1546 Si
354 1517 439 1545 non
459 1502 634 1546 ambitio
653 1501 837 1545 maxima
857 1517 983 1545 causa
1002 1502 1087 1545 fuit
1099 1502 1120 1544 Ρ

228 1567 461 1626 Indignum
480 1568 616 1612 doctis
635 1584 720 1612 non
740 1583 862 1626 reges
881 1583 971 1612 esse
992 1568 1204 1625 putabant

285 1633 556 1692 Philosophi:
587 1634 797 1691 pecudum
818 1649 893 1677 nos
912 1634 1097 1678 habuere
1117 1634 1222 1677 loco.
1532 1634 1617 1673 980
1660 1683 1666 1687 .

227 1701 311 1744 Pr.
339 1700 447 1744 Post
465 1700 580 1744 hunc
599 1699 954 1755 Theudosiusque
974 1715 1166 1756 puerque
1186 1697 1517 1742 Valentinianus

283 1766 574 1823 (Theudosius
594 1766 803 1824 Magnus)
822 1774 988 1823 sceptra
1006 1765 1190 1809 habuere
1209 1765 1346 1809 simul,

229 1833 406 1877 Vicerat
425 1833 494 1876 hic
514 1832 715 1883 Gotthos,
737 1839 779 1876 et
800 1847 871 1875 eos
891 1831 1048 1875 servire
1067 1831 1208 1889 coegit

284 1898 452 1950 Victos,
472 1899 545 1943 sed
565 1907 680 1943 certa
698 1897 954 1948 conditione,
976 1897 1069 1940 sibi.

230 1965 317 2008 Hic
335 1972 381 2008 et
399 1964 582 2008 Iberinis
602 1965 735 2007 victas
754 1965 936 2020 ejecerat
956 1962 1069 2006 arvis

286 2030 451 2076 Gentes
470 2031 742 2079 Vandalicas,
763 2029 1013 2073 haereticum
1033 2028 1250 2086 populum.

228 2097 403 2155 hperii
422 2113 587 2141 summa
605 2096 764 2140 meruit
782 2096 943 2139 virtute
962 2110 1186 2139 coronam:

283 2163 395 2208 Jure
414 2164 542 2207 etiam
564 2163 705 2207 tenuit
724 2177 822 2206 cum
843 2161 924 2205 sibi
942 2161 1073 2205 dante
1093 2160 1199 2218 pari.

228 2229 474 2276 catholicus
494 2229 591 2281 fuit,
607 2237 652 2273 et
673 2228 856 2272 multum
877 2229 1095 2284 praebebat
1114 2227 1316 2270 honorem

285 2295 482 2340 Praelatis
501 2295 658 2339 sanctis
677 2294 730 2338 de
748 2309 879 2352 grege
901 2292 1138 2338 catholico.
1534 2292 1618 2331 990

229 2361 327 2406 Nec
343 2362 426 2406 nisi
444 2362 641 2406 concordi
661 2362 861 2405 censebat
880 2360 1014 2403 milite
1034 2359 1146 2403 bella

287 2427 451 2473 Contra
467 2428 693 2472 concordes
713 2442 913 2485 prospera
930 2441 1052 2484 posse
1071 2425 1175 2483 geri.

231 2493 316 2537 His
337 2492 556 2552 Synodum
576 2494 712 2538 causis
731 2493 900 2536 indixit.
962 2491 1201 2549 Episcopus
1220 2487 1358 2532 omnis

288 2559 700 2618 Constantinopolin,
714 2561 859 2617 jussus
878 2559 1007 2609 adire,
1028 2557 1159 2601 venit.

233 2625 418 2683 Spiritus
435 2626 505 2670 hic
526 2625 708 2671 Sanctus
726 2625 970 2670 decernitur
988 2639 1079 2668 esse
1098 2621 1300 2667 colendus

288 2691 356 2736 Ut
374 2691 508 2743 Deus,
528 2700 574 2736 et
591 2692 707 2736 credi
725 2691 778 2735 de
798 2706 975 2734 numero
994 2705 1085 2733 esse
1105 2688 1201 2732 Dei.

232 2757 320 2802 Hic
339 2773 511 2814 quoque
530 2758 754 2801 firmantur
774 2757 974 2815 Synodus
992 2756 1163 2799 decreta
1181 2753 1227 2796 N
1230 2753 1360 2796 ieenoe

289 2825 470 2869 Omnia:
503 2823 806 2869 Christicolum
825 2823 1127 2880 perficiturque
1146 2819 1290 2862 Fides.

232 2890 340 2934 Post
357 2889 471 2934 hunc
490 2889 691 2934 successit
711 2888 930 2933 Honorius
950 2886 1263 2941 Areudiusque,
