1982 3204
500 308 760 344 Rostrum
790 305 1219 341 emmeramum.
1488 293 1552 338 29

165 436 260 485 que
283 420 376 470 AN
401 420 601 484 aequalis
625 428 700 468 est
723 418 864 467 lateri
890 416 995 466 ΑΒ,
1065 416 1189 465 Dico
1208 415 1298 464 ΝΟ
1321 415 1556 479 aequalem
1621 429 1734 457 ιηιοι».
1755 429 1795 455 x.

165 512 271 545 esse
291 497 515 560 tangenti
540 512 682 545 arcus
707 498 815 550 224.
1578 516 1842 550 neaman-‚rma

233 571 552 620 Describatur
569 587 712 619 arcus
737 568 1070 634 quadrantalis
1094 566 1180 615 AC
1201 582 1370 614 secans
1394 565 1560 629 diago-
1576 561 1733 590 “⁰⁸³⁸“2·

166 647 329 695 nalem
354 646 443 695 DB
468 647 518 694 in
555 645 621 694 M.
695 645 857 693 Ducta
897 659 1015 706 ergo
1054 642 1158 690 MN
1196 642 1290 690 erit
1329 641 1561 705 parallela

166 721 311 771 lateri
338 720 451 771 BC:
488 729 539 769 et
561 720 862 784 producatur
900 718 1004 766 MN
1039 718 1268 781 utrinque
1305 717 1369 765 ad
1406 717 1562 765 latera

167 798 275 856 AB,
296 796 459 845 Dein
484 795 524 844 L
561 803 612 843 et
635 795 694 843 Ο.
763 794 871 842 Erit
908 810 1026 857 ergo
1064 793 1156 842 Do
1197 792 1398 856 aequalis
1435 793 1562 840 sinui

169 888 312 922 arcus
334 870 576 936 graduum
600 876 681 928 45,
705 870 806 918 sive
830 868 1199 932 semidiagonali
1223 868 1311 916 DI.
1357 868 1562 940 Secetpr

169 947 462 1013 quadratum
487 944 667 994 ABCD
691 962 721 993 a
743 945 891 993 rectis
918 943 1018 1002 EF,
1039 943 1133 993 GH
1158 941 1563 991 concurrentibus

169 1023 221 1072 in
245 1023 284 1080 1,
304 1020 668 1085 quadrifariam.
729 1019 820 1067 Est
843 1035 962 1082 ergo
988 1018 1080 1068 DO
1104 1019 1266 1066 media
1288 1019 1563 1082 proportio-

169 1097 294 1147 nalis
317 1098 447 1144 inter
477 1096 606 1144 latus
630 1104 789 1143 totum
830 1095 917 1143 DC
949 1103 1000 1142 et
1032 1095 1136 1158 ejus
1168 1094 1424 1142 dimidium
1450 1093 1562 1142 DH.

174 1172 340 1222 Quare
357 1180 412 1220 ut
438 1171 526 1220 DC
549 1171 612 1219 ad
636 1171 743 1229 ΒΟ,
762 1172 832 1219 ita
855 1178 928 1219 est
954 1170 1045 1219 Do
1065 1170 1128 1218 ad
1153 1170 1250 1218 DH
1274 1191 1286 1225 ;
1319 1178 1368 1218 et
1385 1170 1455 1218 ita
1472 1169 1565 1218 dif-

169 1248 381 1298 ferentia
406 1247 494 1295 CO
520 1247 584 1295 ad
620 1246 945 1295 differentiam
965 1246 1078 1294 ΟΗ.

239 1324 364 1372 Sunt
388 1331 555 1371 autem
579 1322 679 1382 CO,
700 1323 793 1371 ΝΟ
818 1322 1044 1386 aequales,
1059 1330 1262 1385 propter
1284 1321 1488 1384 angulos
1503 1319 1566 1368 ad

173 1398 215 1447 C
241 1407 291 1448 et
310 1398 358 1447 N
385 1398 682 1446 semirectOS.
739 1397 906 1446 Quare
931 1397 1020 1445 ΝΟ
1037 1405 1205 1461 potest
1228 1396 1427 1460 duplam
1451 1396 1566 1450 ΟΟ;

173 1475 322 1523 etiam
345 1473 431 1522 CO
453 1482 621 1539 potest
645 1473 843 1537 duplam
868 1474 964 1521 OH
989 1492 1000 1520 ε
1035 1489 1148 1521 cum
1171 1473 1303 1520 enim
1327 1473 1454 1520 latus
1476 1472 1563 1520 DC

172 1556 339 1614 potest
369 1548 568 1613 duplam
604 1549 710 1607 DO,
745 1558 793 1597 et
825 1556 942 1597 sunt
973 1548 1075 1607 DC,
1093 1549 1198 1606 DO,
1215 1549 1310 1597 OH
1336 1549 1567 1596 continue

172 1625 580 1689 proportionales,
604 1625 786 1688 poterit
811 1625 894 1673 CO
920 1624 1119 1688 duplam
1144 1624 1257 1672 ΟΗ.
1299 1624 1426 1672 Sunt
1449 1639 1568 1688 ergo

175 1700 324 1749 etiam
360 1700 472 1759 ΗΟ,
488 1700 593 1759 ΟΟ,
611 1700 702 1748 ΝΟ
743 1701 975 1748 continue
1014 1699 1415 1764 proportionales,
1455 1700 1570 1763 quia

177 1774 270 1824 Nc
291 1783 455 1839 potest
478 1775 678 1839 duplam
703 1775 802 1824 CO.

243 1850 465 1899 Ducatur
501 1850 687 1899 chorda
711 1851 837 1899 DN:
871 1851 1036 1914 itaque
1073 1850 1279 1914 angulus
1303 1850 1444 1899 ODN
1475 1850 1570 1898 erit

177 1926 386 1990 angulus
420 1925 660 1989 graduum
689 1927 799 1980 225.
870 1926 1016 1974 Secet
1054 1934 1221 1974 autem
1255 1926 1440 1974 chorda
1473 1925 1567 1975 DN

178 2009 364 2051 rectam
389 2001 483 2049 CH
508 2001 560 2049 in
584 2001 645 2060 R,
661 2010 711 2049 et
729 2002 822 2049 erit
846 2002 945 2050 HR
963 2001 1166 2064 aequalis
1186 2002 1298 2050 ΗΟ.

247 2076 494 2127 Quoniam
525 2092 643 2140 ergo
668 2077 782 2135 RH,
799 2077 908 2135 ΝΟ,
929 2077 1018 2125 ΝΟ
1042 2084 1157 2126 sunt
1193 2077 1425 2127 continue
1455 2093 1571 2140 pro-

179 2151 477 2218 portionaloe
500 2152 550 2199 in
574 2151 765 2200 ratione
800 2152 966 2200 lateris
989 2152 1078 2201 Dc
1099 2152 1164 2201 ad
1194 2153 1301 2212 Do,
1328 2152 1572 2216 producta

180 2227 369 2277 chorda
393 2227 488 2276 DN
512 2227 572 2275 ad
599 2227 728 2277 latus
745 2228 833 2276 DC
857 2228 908 2276 in
932 2228 970 2276 P
991 2229 1246 2277 abscindet
1276 2236 1466 2292 partem
1490 2228 1572 2276 ΟΡ

181 2303 415 2368 aequalem
448 2312 597 2352 rectae
638 2303 743 2363 ΝΟ,
768 2304 821 2352 id
843 2312 932 2363 est,
955 2305 1174 2353 excessui
1198 2304 1469 2368 diagonalis
1492 2320 1574 2352 su-

181 2395 273 2444 pra
317 2379 462 2428 latus.
551 2379 718 2428 Quare
758 2389 965 2444 tangens
1004 2397 1146 2429 arcus
1191 2381 1432 2445 graduum
1479 2386 1569 2441 2223

182 2454 380 2518 aequalis
402 2463 478 2504 est
501 2455 735 2514 excessui,
758 2464 852 2504 etc.
924 2456 1071 2506 Quod
1097 2464 1202 2505 erat
1237 2456 1575 2505 demonstran-

185 2528 319 2579 dum.

255 2595 444 2645 Coroll.
481 2597 712 2661 Sequitur
734 2598 850 2647 hinc
874 2606 1058 2646 rectam
1090 2598 1171 2646 BP
1197 2598 1433 2662 aequalem
1471 2614 1575 2646 esse

186 2669 349 2735 duplae
380 2672 481 2721 CO.
551 2673 681 2721 Nam
719 2674 759 2722 si
797 2683 968 2722 centro
994 2673 1052 2732 C,
1078 2674 1335 2722 intervallo
1359 2674 1461 2732 CD,
1486 2674 1575 2721 du-

188 2754 332 2796 eatur
352 2762 495 2796 arcus
518 2763 688 2796 secans
713 2747 800 2798 CA
823 2749 874 2797 in
898 2765 948 2807 a,
979 2749 1073 2797 erit
1106 2749 1188 2796 aN
1221 2748 1370 2813 dupla
1403 2748 1494 2805 IN,
1526 2754 1575 2795 et

191 2819 274 2870 Aa
295 2822 492 2884 aequalis
516 2822 607 2871 ΝΟ
627 2841 639 2870 :
676 2839 785 2871 cum
813 2839 930 2886 ergo
948 2823 1024 2871 aC
1050 2830 1100 2871 et
1122 2822 1205 2872 BC
1228 2824 1327 2871 sint
1349 2822 1573 2886 aequales,

191 2894 287 2943 erit
309 2911 503 2959 quoque
525 2897 623 2956 aN,
646 2897 699 2945 id
716 2905 792 2946 est
814 2897 963 2961 dupla
986 2897 1091 2956 CO,
1114 2898 1310 2960 aequalis
1335 2897 1428 2945 BP.
