1982 3204
151 434 260 460 rRoP.
281 434 339 460 111.

146 480 335 501 κ-φῄκ

131 521 175 548 De
190 521 343 558 polygonis

130 564 321 602 regularibus.

399 296 454 338 l6
724 304 987 339 ROSETUM
1016 302 1445 339 GEOMETRICUM.

391 416 560 479 tagoni
584 416 666 473 EI,
691 416 870 465 dantur
894 417 1003 465 duae
1027 416 1223 464 chordae
1250 414 1360 474 ΕΗ,
1382 415 1474 463 ΗΙ.
1546 416 1712 466 Quare
1736 417 1779 464 si

391 491 628 540 diametro
647 492 737 540 AE
762 492 971 540 addatur
995 492 1069 540 sui
1092 491 1242 554 ipsius
1265 505 1377 553 pars
1401 490 1586 553 quinta,
1601 507 1778 555 nempe

390 567 492 626 ΕΒ,
517 574 566 615 et
590 567 895 616 describatur
918 583 1059 614 arcus
1085 566 1188 624 BD,
1214 565 1324 613 duae
1349 565 1544 613 chordae
1567 566 1678 624 EH,
1700 566 1776 614 HI

391 643 601 706 aequales
647 651 792 691 erunt
839 643 1025 690 duabus
1071 641 1265 689 chordis
1308 640 1408 700 BC,
1428 641 1530 699 CD,
1570 649 1777 705 utraque

390 718 601 781 utrique,
636 727 687 766 et
723 718 908 766 chorda
940 718 1026 765 BD
1060 717 1187 765 latus
1227 716 1473 780 hexagoni
1511 716 1563 764 in
1594 716 1777 764 circulo

389 809 477 856 per
502 793 557 842 Β.

934 1110 1115 1158 PROP.
1160 1110 1243 1158 IV.

393 1241 463 1273 DE
491 1237 736 1273 RATIONE
760 1235 931 1270 CURVI
952 1234 1024 1267 AD
1049 1234 1287 1269 CURVUM
1314 1234 1376 1268 IN
1403 1233 1773 1270 CIRCULORUM

809 1309 1347 1344 CIRCUMFERENTIIS.

390 1416 424 1449 1.
464 1401 746 1448 CIRCULUS
771 1406 826 1446 ut
851 1414 880 1445 a
904 1397 1266 1445 semidiametro
1292 1397 1586 1445 describitur
1603 1396 1775 1445 circini

387 1476 540 1524 altero
563 1475 686 1538 pede
723 1475 836 1532 fixo,
861 1474 1014 1521 altero
1040 1473 1392 1532 circumducto,
1427 1473 1498 1521 ita
1521 1472 1671 1521 etiam
1694 1473 1775 1521 de-

386 1551 592 1613 scriptus
611 1550 818 1612 intelligi
841 1556 1005 1612 potest
1029 1565 1057 1597 a
1074 1549 1204 1597 linea
1226 1558 1361 1597 recta
1381 1549 1496 1597 data
1518 1548 1775 1597 uniformi-

386 1635 460 1674 ter
483 1627 623 1684 flexa,
639 1626 690 1673 id
708 1633 797 1683 est,
814 1625 1081 1673 secundum
1105 1625 1311 1688 angulos
1336 1641 1528 1688 semper
1546 1625 1774 1688 aequales.

389 1702 499 1750 Qua
523 1700 720 1764 quidem
750 1701 974 1759 flexione,
1000 1700 1042 1748 si
1072 1700 1239 1764 anguli
1276 1707 1531 1748 sumantur
1567 1715 1774 1749 numero

386 1776 580 1834 infiniti,
614 1776 915 1823 describetur
952 1776 1178 1824 circulus.
1251 1775 1476 1823 Circulus
1515 1776 1647 1824 enim
1687 1791 1776 1824 sua

386 1859 559 1899 natura
581 1852 703 1899 nihil
726 1852 889 1899 differt
912 1869 942 1900 a
963 1852 1210 1916 polygono
1233 1851 1443 1900 laterum
1470 1866 1676 1900 numero
1699 1851 1775 1899 in-

386 1927 649 1974 finitorum.
720 1928 884 1975 Flexio
921 1936 1084 1976 autem
1123 1935 1197 1975 est
1235 1927 1466 1975 discessio
1498 1943 1528 1975 a
1568 1927 1773 1976 rectitu-

387 2002 499 2049 dine
522 2002 788 2050 secundum
813 2004 1046 2067 angulum
1069 2003 1298 2066 aliquem,
1322 2003 1375 2050 id
1398 2001 1531 2066 quod
1561 2010 1638 2051 est
1661 2018 1774 2051 cur·
1808 2008 1811 2009 ’

386 2076 524 2124 vedo.

452 2168 512 2199 11.
551 2152 878 2201 Curvedinum
897 2162 1061 2202 autem
1085 2154 1180 2202 alia
1203 2155 1359 2217 major
1378 2153 1475 2201 alia
1490 2153 1652 2201 minor
1669 2159 1771 2202 est:

385 2235 434 2274 et
457 2236 717 2291 propterea
739 2229 950 2277 curvedo
981 2237 1057 2277 est
1081 2230 1345 2293 quantitas,
1368 2229 1677 2293 pertinetque
1707 2227 1772 2276 ad

385 2302 658 2364 subjectum
696 2312 1073 2367 geometrarum,
1110 2312 1161 2352 et
1200 2305 1410 2353 maxime
1450 2304 1646 2352 illorum
1685 2303 1771 2367 qui

385 2377 603 2426 scribunt
626 2378 685 2426 de
709 2380 1047 2442 magnitudine
1073 2380 1243 2427 circuli
1283 2387 1333 2427 et
1369 2379 1686 2442 inscriptione
1718 2379 1771 2428 in

385 2452 565 2500 circulo
581 2454 955 2517 polygonorum;
981 2471 1257 2519 quanquam
1279 2454 1340 2502 de
1364 2455 1456 2502 hac
1475 2470 1528 2502 re
1546 2454 1668 2502 nihil
1685 2471 1768 2503 no-

384 2527 458 2575 bis
482 2528 713 2577 traditum
738 2530 801 2578 sit
824 2547 853 2578 a
876 2532 1137 2579 veteribus.

452 2618 536 2651 111.
575 2604 734 2652 Quam
759 2607 1000 2654 rationem
1022 2607 1169 2654 habet
1202 2606 1254 2653 in
1278 2604 1452 2653 eodem
1475 2604 1659 2653 circulo
1683 2621 1771 2654 an·

382 2679 525 2741 gulus
550 2679 600 2726 in
634 2680 1026 2730 circumferentia
1057 2681 1120 2730 ad
1156 2681 1390 2744 angulum
1428 2681 1479 2728 in
1516 2680 1769 2730 circumfe-

383 2753 556 2811 rentia,
600 2755 803 2804 eandem
845 2757 990 2806 habet
1033 2757 1247 2806 curvitas
1287 2756 1486 2819 majoris
1526 2772 1669 2805 arcus
1705 2757 1771 2806 ad

383 2829 670 2877 curvitatem
695 2831 910 2881 minoris.
959 2833 1086 2880 Cum
1109 2832 1239 2880 enim
1264 2831 1476 2880 curvedo
1500 2832 1621 2880 nihil
1636 2833 1770 2883 aliud

380 2904 442 2951 sit
466 2920 610 2968 quam
635 2905 839 2956 deflexio
868 2910 976 2972 (per
999 2907 1234 2972 angulum
1269 2907 1319 2956 in
1351 2907 1764 2972 circumferentia)

1834 2099 1887 2148 ff
