1982 3204
156 419 268 445 PROP.
290 419 332 445 11.

151 465 339 486 x-q-—ae

399 280 462 322 64
600 289 898 324 DOCTRINAE
923 285 1286 322 wALLISIANAE
1313 282 1384 319 DE
1410 285 1568 320 Mo'rU

392 403 536 464 juxta
570 400 839 459 Euclidem,
875 416 935 447 ex
970 397 1240 447 rationibus
1272 402 1302 444 2
1334 395 1397 443 ad
1435 401 1465 443 3
1497 403 1549 443 et
1578 399 1608 443 4
1640 393 1704 443 ad
1736 396 1783 449 7.

400 477 547 526 Quod
571 485 646 525 est
663 477 983 524 verissimum.
1055 471 1310 531 Quomodo
1329 471 1346 517 ἓ
1393 471 1502 518 Fiat
1524 477 1580 518 ut
1598 477 1627 519 2
1653 470 1717 518 ad
1737 477 1783 529 3,

398 553 469 601 ita
493 558 522 601 8
546 553 607 601 ad
633 553 799 601 aliam:
837 552 930 598 erit
964 549 1045 597 illa
1079 554 1154 595 12.
1222 547 1354 609 Ergo
1384 549 1413 593 8
1438 546 1501 594 ad
1531 552 1588 594 12
1613 545 1785 593 eadem

397 628 523 677 ratio
561 636 651 686 est,
684 643 793 690 quae
818 633 846 674 2
872 625 935 673 ad
960 631 1003 672 3.
1074 623 1164 670 Est
1195 628 1361 670 autem
1393 621 1519 669 ratio
1549 626 1606 669 12
1632 620 1695 668 ad
1719 627 1778 669 21

399 705 571 752 eadem
595 720 703 767 quae
722 710 750 750 4
771 702 833 749 ad
850 706 894 755 7.
944 699 1264 762 Componitur
1287 714 1405 760 ergo
1431 713 1491 744 ex
1514 696 1786 744 rationibus

399 787 429 829 2
446 781 509 828 ad
534 786 562 828 3
587 788 637 827 et
661 786 689 826 4
715 778 775 826 ad
793 781 838 836 7,
855 778 998 840 juxta
1021 782 1238 822 mentem
1261 773 1492 822 Euclidis.
1562 772 1786 820 Rationis

399 862 564 904 autem
590 853 870 916 compositae
895 856 924 898 8
949 850 1012 898 ad
1036 856 1116 908 21,
1145 850 1245 896 sive
1271 849 1355 897 AC
1380 848 1443 896 ad
1471 847 1572 906 BD,
1593 847 1786 911 quanti-

398 937 541 988 tates,
578 929 678 976 sive
722 926 876 990 (quod
915 925 1046 973 idem
1087 931 1182 986 est)
1227 931 1544 987 exponentes,
1582 929 1697 970 sunt
1733 922 1786 971 in

399 1006 614 1054 numeris
638 1004 833 1067 quidem
853 1008 882 1051 8
899 1009 949 1050 et
973 1007 1052 1059 21,
1070 1000 1156 1048 sed
1179 1000 1229 1048 in
1253 999 1528 1064 quantitate
1552 997 1787 1046 continua

401 1089 516 1130 sunt
539 1079 824 1142 rectangula
847 1077 933 1125 AC
957 1085 1007 1124 et
1034 1076 1139 1124 BD.
1208 1075 1473 1123 Manifesta
1506 1075 1613 1122 haec
1645 1081 1783 1122 suntt

400 1165 451 1205 et
465 1164 723 1220 propterea
739 1152 1052 1201 manifestum
1067 1151 1214 1199 etiam
1233 1157 1321 1209 est,
1331 1165 1488 1214 neque
1495 1149 1785 1206 Wallisium,

399 1248 572 1296 neque,
588 1231 836 1278 meliorem
857 1245 1003 1292 quam
1026 1228 1107 1275 ille
1126 1235 1202 1275 est
1216 1226 1545 1290 algebristam‚
1563 1225 1786 1274 Clavium

398 1308 450 1356 in
490 1306 771 1355 definitione
803 1305 895 1352 hac
934 1310 960 1351 5
999 1303 1154 1352 Elem.
1178 1303 1228 1351 vi
1261 1301 1477 1351 Euclidis
1522 1300 1784 1365 quicquam

398 1382 713 1447 perspexisse.

467 1461 498 1482 “
518 1457 720 1516 Sunto‚”
747 1457 817 1505 ait
838 1455 1103 1514 Wallisius,
1136 1458 1168 1481 “
1188 1454 1414 1503 datarum
1437 1453 1686 1501 rationum
1709 1452 1786 1501 in·

399 1533 530 1581 dices
549 1549 635 1582 seu
653 1540 952 1596 exponentes
971 1532 1030 1590 A,
1045 1530 1133 1580 E.’'
1177 1530 1396 1579 Assumit
1419 1529 1501 1578 hic
1520 1529 1661 1578 datos
1679 1543 1784 1577 esse

397 1609 644 1657 rationum
668 1608 1066 1672 componentium
1088 1606 1289 1655 indices.
1359 1605 1458 1654 Sed
1481 1605 1532 1653 in
1561 1603 1783 1668 proposi-

394 1685 527 1733 tione
566 1685 707 1732 datos
744 1699 850 1732 esse
886 1700 987 1732 non
1024 1682 1272 1746 supponit.
1341 1682 1471 1729 Nam
1510 1679 1783 1744 propositio

394 1760 516 1808 nihil
540 1760 772 1824 supponit
796 1759 964 1808 datum
987 1766 1168 1823 praeter
1191 1758 1320 1821 ipsas
1343 1757 1560 1805 rationes
1584 1771 1783 1819 compo-

393 1844 581 1883 nentes.
666 1836 883 1884 Assumit
936 1851 1053 1898 ergo
1106 1833 1291 1882 indices
1340 1849 1426 1881 seu
1478 1839 1781 1896 exponentes

394 1911 598 1959 rationis
622 1912 922 1975 compositae,
948 1926 1054 1959 esse
1077 1911 1206 1974 ipsas
1231 1915 1594 1973 componentes.
1633 1907 1782 1957 Quod

394 2003 493 2034 non
515 1988 706 2049 probat,
732 1994 782 2035 et
805 1994 879 2035 est
901 1994 1142 2051 praeterea
1164 1985 1356 2034 falsum.
1416 1983 1782 2033 Demonstratio

395 2062 544 2126 igitur
567 2079 664 2111 non
689 2063 926 2127 procedit.

463 2138 703 2197 Secundo,
734 2155 842 2202 quae
877 2147 993 2187 sunt
1022 2138 1236 2186 rationes
1275 2152 1394 2200 quas
1417 2135 1522 2183 vult
1554 2134 1782 2198 componi

394 2228 496 2260 non
532 2213 759 2262 declarat.
830 2214 978 2262 Ratio
1019 2213 1216 2276 quidem
1250 2212 1300 2260 A
1332 2211 1397 2260 ad
1432 2210 1474 2258 E
1509 2210 1656 2258 unica
1689 2217 1780 2258 est.

398 2287 496 2335 Ubi
521 2297 595 2336 est
617 2289 796 2337 altera?
865 2290 1136 2352 Nusquam.
1206 2286 1424 2336 Assumit
1454 2301 1572 2350 ergo
1603 2285 1650 2333 A
1677 2299 1781 2333 esse

396 2363 607 2411 indicem
626 2365 828 2412 rationis
848 2365 888 2411 A
911 2364 975 2412 ad
999 2365 1059 2412 E.
1104 2364 1312 2427 Sumpta
1335 2378 1452 2426 ergo
1470 2361 1662 2409 ratione
1685 2359 1783 2408 alia

397 2454 684 2502 quacunque
708 2441 750 2488 A
774 2441 838 2488 ad
865 2441 936 2499 M,
962 2441 1072 2498 erit,
1095 2455 1184 2504 per
1207 2439 1360 2495 illum,
1397 2437 1543 2486 index
1575 2435 1782 2484 rationis

398 2514 442 2560 A
467 2514 530 2561 ad
555 2515 607 2562 M
633 2515 762 2563 idem
788 2517 830 2564 A
852 2535 863 2564 ε
899 2524 948 2565 et
971 2532 1060 2580 per
1084 2529 1390 2579 consequens
1412 2514 1457 2562 A
1479 2512 1543 2561 ad
1566 2513 1624 2571 E,
1662 2520 1714 2560 et
1736 2511 1778 2560 A

399 2588 460 2636 ad
487 2588 558 2646 M,
584 2590 752 2637 eadem
776 2591 917 2639 ratio,

467 2664 653 2721 Tertio,
675 2667 804 2728 quod
827 2667 946 2715 dicit
960 2666 1299 2730 rectangulum
1315 2665 1400 2713 ΑΕ
1420 2679 1525 2712 esse
1540 2663 1783 2711 rationem

400 2741 719 2803 compositam
755 2757 814 2788 ex
850 2742 1038 2790 duabus
1072 2742 1358 2800 rationibuS‚
1393 2738 1659 2788 absurdum
1690 2745 1781 2786 est.

401 2816 760 2879 Rectangulum
797 2819 926 2866 enim
963 2819 1090 2868 ratio
1125 2833 1225 2867 non
1260 2824 1349 2866 est.
1418 2812 1784 2864 Demonstratio

400 2907 518 2955 ergo
541 2892 664 2941 falsa
687 2900 775 2941 est.
