1982 3204
395 232 490 276 282
944 242 1241 276 EPISTOLAE.

393 353 455 401 ab
492 368 550 400 ea
579 359 744 416 potest
777 355 1019 412 mulctari,
1056 370 1202 417 quam
1238 353 1279 400 si
1314 353 1495 400 lentius
1534 353 1784 416 procedat.

393 428 609 491 Ideoque
631 444 730 476 non
756 430 933 477 mirum
959 437 1031 477 est
1056 428 1189 492 quod
1225 436 1455 491 expertus
1490 429 1554 476 sit
1583 429 1786 492 globum

390 504 688 567 plombeum,
726 506 939 553 maxima
969 505 1017 552 vi
1059 505 1277 567 sclopeto
1317 504 1565 561 emissum,
1608 521 1787 568 aquam

390 579 582 642 ingredi
606 580 657 627 in
683 580 955 628 elevatione
980 579 1196 643 quinque
1228 579 1494 642 graduum:
1531 580 1645 643 quia
1666 588 1787 628 tunc

390 655 519 703 forte
558 671 658 703 non
697 656 953 704 millesima
997 663 1137 719 parte
1184 671 1285 703 suae
1325 654 1599 703 velocitatis
1645 664 1787 719 parte

391 730 737 779 mulctabatur.

458 806 665 869 Affingit
688 806 809 853 mihi
833 814 1019 869 postea,
1046 805 1179 868 quod
1214 805 1550 868 supposuerim
1590 821 1788 854 omnem

387 883 633 945 jacturam
674 882 946 929 velocitatis
989 881 1372 944 computandam
1414 897 1519 929 esse
1558 881 1610 929 in
1648 890 1788 930 motu

393 958 646 1005 deorsum:
682 957 787 1004 dixi
812 958 942 1005 enim
972 957 1381 1012 constantissime,
1406 957 1788 1020 computandam

393 1048 499 1081 esse
522 1033 572 1080 in
597 1041 702 1081 toto
727 1043 866 1081 motu
889 1033 1175 1096 simpliciter
1200 1042 1408 1096 sumpto.
1466 1033 1646 1082 Modus
1669 1049 1787 1082 vero

394 1125 489 1171 quo
504 1108 607 1171 ipse
625 1109 782 1156 utitur
799 1108 863 1156 ad
882 1108 1193 1156 refractionis
1213 1124 1411 1156 causam
1429 1109 1786 1172 explicandam,

391 1184 469 1231 vel
507 1201 566 1232 ex
599 1200 656 1232 eo
693 1192 832 1246 patet
869 1200 969 1231 non
1007 1199 1112 1231 esse
1147 1192 1424 1243 accuratus,
1449 1184 1584 1246 quod
1617 1192 1788 1248 aperte

391 1267 579 1322 pugnet
597 1276 708 1307 cum
724 1275 782 1307 eo
800 1259 933 1322 quod
947 1259 1146 1307 admisit
1163 1268 1221 1307 ut
1240 1261 1301 1307 ab
1316 1260 1474 1308 amico
1488 1276 1576 1308 suo
1589 1260 1789 1309 demon·

392 1343 625 1383 stratum:
650 1351 843 1398 nempe,
865 1351 971 1383 esse
995 1335 1046 1382 in
1066 1335 1360 1383 refractione
1385 1344 1449 1393 ut,
1459 1336 1593 1383 sinus
1617 1336 1787 1399 anguli

391 1411 724 1459 inclinationis
747 1411 891 1459 unius
914 1411 978 1458 ad
1003 1411 1163 1458 sinum
1186 1411 1354 1473 anguli
1372 1411 1702 1459 inclinationis
1720 1411 1787 1459 al-

391 1486 561 1546 terius,
586 1487 658 1534 ita
681 1486 841 1533 sinum
865 1486 1033 1549 anguli
1051 1486 1251 1534 refracti
1273 1486 1325 1533 in
1349 1502 1448 1534 una
1471 1486 1789 1535 inclinatione

392 1562 456 1610 ad
472 1562 631 1610 sinum
657 1561 824 1624 anguli
842 1561 1042 1609 refracti
1061 1561 1111 1609 in
1131 1561 1300 1609 altera.
1349 1562 1558 1625 Exnrgit
1577 1562 1710 1610 enim
1728 1578 1789 1611 ex

393 1638 498 1700 ejus
520 1637 978 1701 parallelogrammo
994 1637 1138 1700 plane
1162 1637 1272 1693 alia,
1292 1643 1342 1684 et
1360 1636 1558 1701 quidem
1576 1637 1788 1687 maxime

393 1713 706 1770 irrationalis,
731 1713 861 1760 inter
884 1713 1018 1760 sinus
1041 1713 1310 1776 proportio.

461 1788 721 1851 Reliquum
736 1788 953 1851 epistolae
973 1787 1194 1835 nondum
1215 1787 1331 1846 vidi,
1350 1803 1442 1836 nec
1462 1788 1571 1836 ideo
1589 1804 1789 1852 possum

392 1864 707 1927 respondere.

795 1939 932 1995 Sum,
951 1939 1238 1987 Reverende
1263 1940 1422 1998 Pater,

591 2023 767 2063 vestrae
791 2015 1081 2064 reverentiae
1105 2015 1448 2064 devotissimus
1472 2015 1683 2064 famulus

1413 2108 1525 2156 Des
1554 2108 1787 2157 CARTES.

680 2305 999 2339 HOBBESIUS
1026 2306 1100 2338 AD
1127 2305 1505 2340 MERSENNUM.

528 2415 952 2464 Reverendissime
978 2416 1139 2476 Pater,

463 2492 612 2542 Quod
646 2507 703 2539 ea
737 2507 845 2554 quae
874 2492 1112 2555 superiori
1149 2492 1387 2556 epistola*
1411 2500 1497 2540 tuo
1526 2494 1667 2555 jussu
1698 2494 1789 2543 tibi

393 2568 581 2631 scripsi,
630 2567 829 2615 domino
869 2568 1131 2616 Descartes
1172 2569 1332 2615 minus
1373 2568 1638 2628 arrideant,
1679 2570 1789 2634 plu-

393 2645 573 2693 rimum
615 2642 781 2691 doleo:
830 2650 934 2691 tum
971 2644 1105 2707 quod
1140 2644 1391 2708 ingenium
1441 2645 1545 2708 ejus
1590 2646 1788 2710 plurimi

393 2720 597 2779 aestimo,
622 2726 729 2767 tum
759 2719 891 2782 quod
921 2720 1105 2768 nullam
1130 2720 1372 2767 rationem
1397 2721 1559 2769 adhuc
1591 2721 1787 2770 invenio

726 2896 747 2918 *⁸
779 2896 875 2934 This
894 2897 1029 2946 cpistlc
1050 2910 1209 2947 appears
1230 2905 1268 2935 to
1288 2898 1334 2935 be
1355 2897 1438 2935 lost.
