1982 3204
572 271 889 309 ‘maci-uus
916 269 1165 303 OP'mcus.
1462 262 1550 304 241

171 391 335 434 tarum
363 383 726 432 inclinationem
743 402 770 446 ε,
792 389 842 431 et
865 397 937 439 er,
953 381 1040 429 ER
1062 387 1175 428 sunt
1206 380 1338 428 sinus
1363 381 1559 444 angulo·
1607 401 1716 427 ruoz».
1738 400 1811 426 ιιι.

173 475 284 508 rum
317 459 640 507 refractorum
679 459 731 506 in
767 457 928 506 medio
970 456 1139 513 den80‚
1174 456 1299 503 sicut
1319 455 1387 518 ss
1411 465 1461 503 et
1488 456 1561 504 FS

174 542 290 583 sunt
312 534 448 582 sinus
471 534 762 596 angulorum
785 532 1106 580 refractorum
1143 531 1193 578 in
1231 530 1392 578 medio
1434 547 1561 579 raro.

176 610 325 660 Quod
348 610 416 657 sic
435 609 685 672 probatur.
721 607 903 671 Anguli
921 624 1010 654 oca
1034 614 1083 654 et
1107 605 1198 653 acb
1216 606 1358 653 simul
1382 606 1562 668 sumpti

176 693 291 734 sunt
316 684 526 748 aequales
550 693 712 731 recto:
746 684 864 731 item
888 681 982 730 abc
1004 690 1053 729 et
1085 681 1179 729 acb
1203 681 1344 729 simul
1382 682 1563 731 sumnti

173 759 363 809 faciunt
409 768 614 807 rectum.
683 759 814 821 Ergo
851 757 1049 820 dempto
1091 756 1339 804 communi
1385 757 1564 819 angulo

174 835 282 895 acb,
305 843 526 884 remanet
547 833 641 882 abc
662 833 861 896 aequalis
883 831 1063 895 angulo
1088 830 1417 879 inclinationis
1441 847 1563 878 oca:

175 910 326 960 ducto
349 910 501 974 igitur
524 909 706 957 circulo
730 909 869 971 cujus
892 907 1251 956 semidiameter
1274 907 1338 954 sit
1372 905 1448 964 ba,
1474 907 1565 954 erit

174 1003 244 1052 ap
266 986 402 1035 sinus
419 984 586 1048 anguli
604 984 951 1032 inclinationis.
1020 982 1207 1031 Eodem
1230 981 1375 1030 modo
1394 982 1564 1045 proba-

174 1070 259 1111 tur
280 1060 364 1110 ΑΡ
387 1075 491 1108 esse
515 1059 676 1107 sinum
700 1059 867 1123 anguli
898 1057 1254 1106 inclinationis.
1289 1065 1403 1106 sunt
1436 1057 1565 1105 enim

175 1136 242 1186 ab
258 1142 310 1184 et
322 1135 410 1184 AB
427 1134 633 1199 aequales
646 1150 734 1198 per
749 1134 1179 1182 constructionem.
1250 1132 1436 1181 Rursus
1451 1149 1567 1196 quo-

175 1212 309 1260 niam
331 1210 539 1274 angulus
562 1210 651 1257 Icce
673 1218 724 1258 et
746 1209 824 1257 leb
847 1217 924 1257 est
945 1216 1151 1272 uterque
1169 1215 1346 1266 rectus,
1367 1207 1567 1271 dempto

177 1286 425 1335 communi
464 1286 643 1350 angulo
683 1284 759 1333 lce
795 1293 1016 1333 remanet
1047 1284 1135 1332 ecb
1158 1284 1357 1348 aequalis
1387 1284 1568 1347 angulo

178 1361 262 1411 kcl
297 1361 533 1409 refracto:
568 1361 800 1425 quoniam
835 1376 953 1423 ergo
977 1377 1034 1408 ce
1057 1367 1131 1408 est
1153 1359 1348 1423 aequalis
1372 1359 1451 1416 ab,
1475 1359 1571 1407 erit

178 1454 236 1486 er
259 1436 395 1485 sinus
417 1436 584 1500 anguli
607 1436 820 1484 refracti.
889 1436 1075 1484 Eadem
1098 1434 1329 1484 methodo
1352 1435 1571 1484 ostendi-

180 1521 264 1560 tur
284 1512 375 1560 ER
397 1527 501 1560 esse
524 1512 685 1560 sinum
707 1512 875 1576 anguli
894 1511 1095 1560 refracti
1117 1511 1170 1559 in
1195 1511 1347 1559 altera
1371 1511 1570 1559 inclina-

178 1588 329 1637 tione.
409 1588 574 1647 Porro,
615 1588 700 1635 ubi
738 1587 953 1636 medium
991 1586 1260 1635 secundum
1299 1591 1457 1635 rarius
1498 1596 1573 1635 est

179 1664 356 1728 primo,
371 1664 579 1728 angulus
592 1664 689 1729 qqf
697 1672 747 1712 et
762 1663 839 1711 leb
854 1672 928 1712 est
941 1671 1148 1727 uterque
1163 1670 1347 1711 rectus:
1373 1663 1573 1726 dempto

181 1755 300 1804 ergo
347 1740 594 1788 communi
628 1740 809 1803 angulo
843 1739 932 1803 les,
973 1747 1195 1787 remanet
1240 1739 1448 1802 angulus
1469 1738 1573 1802 sch

181 1815 382 1880 aequalis
405 1815 585 1878 angulo
609 1815 820 1863 refracto
835 1814 942 1879 pel.
1011 1815 1099 1863 Est
1122 1830 1239 1878 ergo
1242 1813 1312 1878 fs
1335 1814 1469 1862 sinus
1491 1830 1572 1861 an-

181 1891 286 1955 guli
307 1890 538 1939 refracti:
575 1899 624 1938 et
646 1906 735 1953 per
759 1889 965 1938 eandem
987 1890 1227 1938 rationem
1250 1890 1324 1938 FS
1344 1897 1418 1937 est
1440 1889 1574 1936 sinus

182 1966 351 2030 anguli
398 1965 594 2014 refracti
637 1965 688 2013 in
725 1965 1042 2013 inclinatione
1087 1965 1256 2013 altera.
1329 1964 1574 2013 Quoniam

184 2058 304 2106 ergo
328 2050 403 2090 oet
423 2049 481 2089 ut
504 2058 571 2105 ap
593 2040 658 2088 ad
682 2056 739 2089 cr
761 2041 839 2088 vel
858 2040 928 2105 f⁸
950 2041 1003 2088 in
1024 2057 1124 2089 una
1146 2041 1479 2098 inclinatione,
1504 2039 1575 2086 ita

184 2118 270 2166 ΑΡ
286 2117 351 2166 ad
372 2117 460 2165 ER
478 2116 555 2164 vel
579 2117 651 2164 FS
666 2116 716 2164 in
735 2117 889 2164 altera
911 2116 1242 2175 inclinatione,
1262 2117 1355 2164 erit
1368 2124 1424 2164 ut
1441 2116 1575 2163 sinus

185 2192 354 2256 anguli
377 2191 706 2240 inclinationis
728 2191 792 2239 ad
815 2191 975 2239 sinum
998 2191 1165 2255 anguli
1187 2191 1385 2240 refracti
1410 2191 1460 2238 in
1480 2206 1578 2238 una

185 2267 519 2325 inclinatione,
544 2268 614 2315 ita
636 2267 770 2315 sinus
793 2267 959 2335 anguli
981 2267 1310 2315 inclinationis
1334 2266 1398 2314 ad
1416 2266 1577 2313 sinum

186 2343 355 2408 anguli
378 2342 574 2391 refracti
612 2342 663 2390 in
686 2343 841 2391 altera
863 2343 1197 2400 inclinatione,
1222 2343 1322 2390 sive
1346 2340 1577 2389 rest-actio

186 2419 276 2482 fiat
297 2434 466 2467 versus
487 2418 889 2482 perpendiculum
913 2419 1014 2466 sive
1037 2418 1101 2466 ad
1132 2425 1297 2481 partes
1320 2433 1351 2464 a
1372 2431 1578 2480 perpen-

190 2492 353 2542 diculo
377 2509 585 2541 aversas.
656 2493 813 2556 Igitur
835 2493 876 2541 si
908 2493 1006 2541 sint
1039 2492 1148 2540 duae
1173 2492 1404 2555 quaelibet
1439 2489 1577 2538 incli-

190 2568 414 2617 nationes
437 2576 532 2616 etc.
603 2567 751 2618 Quod
773 2576 881 2616 erat
902 2567 1222 2632 probandum.

677 2704 1024 2753 Corollarium.

263 2797 321 2845 In
345 2797 530 2860 majore
552 2797 731 2860 angulo
755 2796 1086 2845 inclinationis
1106 2797 1261 2859 major
1278 2801 1351 2842 est
1373 2792 1579 2855 angulus

194 2871 450 2929 refractus
474 2871 525 2919 in
548 2871 736 2921 minore
770 2873 946 2921 minor.
1015 2871 1219 2934 Majoris
1249 2870 1378 2918 enim
1414 2867 1578 2929 anguli

331 2961 454 2996 von.
475 2961 528 2994 v,
1414 2958 1446 2990 R

1617 445 1807 467 s-—f——ae
