<?xml version="1.0" encoding="UTF-8"?>
<!DOCTYPE html PUBLIC "-//W3C//DTD XHTML 1.0 Transitional//EN"
    "http://www.w3.org/TR/xhtml1/DTD/xhtml1-transitional.dtd">
<html xmlns="http://www.w3.org/1999/xhtml" xml:lang="en" lang="en">
 <head>
  <title>
</title>
<meta http-equiv="Content-Type" content="text/html;charset=utf-8" />
  <meta name='ocr-system' content='tesseract 3.04.00' />
  <meta name='ocr-capabilities' content='ocr_page ocr_carea ocr_par ocr_line ocrx_word'/>
</head>
<body>
  <div class='ocr_page' id='page_1' title='image "./operaphilosophic05hobbuoft/operaphilosophic05hobbuoft_0026.png"; bbox 0 0 1982 3204; ppageno 0'>
   <div class='ocr_carea' id='block_1_1' title="bbox 151 716 322 743">
    <p class='ocr_par' dir='ltr' id='par_1_1' title="bbox 151 716 322 743">
     <span class='ocr_line' id='line_1_1' title="bbox 151 716 322 743; baseline 0 -1"><span class='ocrx_word' id='word_1_1' title='bbox 151 716 261 743; x_wconf 76' lang='lat' dir='ltr'>PROP.</span> <span class='ocrx_word' id='word_1_2' title='bbox 283 717 322 742; x_wconf 85' lang='lat' dir='ltr'><strong>V.</strong></span> 
     </span>
    </p>
   </div>
   <div class='ocr_carea' id='block_1_2' title="bbox 108 800 371 836">
    <p class='ocr_par' dir='ltr' id='par_1_2' title="bbox 108 800 371 836">
     <span class='ocr_line' id='line_1_2' title="bbox 108 800 371 836; baseline 0.008 -9"><span class='ocrx_word' id='word_1_3' title='bbox 108 800 152 828; x_wconf 84' lang='lat' dir='ltr'><strong>De</strong></span> <span class='ocrx_word' id='word_1_4' title='bbox 172 801 371 836; x_wconf 69' lang='lat' dir='ltr'><strong>magnitudine</strong></span> 
     </span>
    </p>
   </div>
   <div class='ocr_carea' id='block_1_3' title="bbox 394 281 1438 325">
    <p class='ocr_par' dir='ltr' id='par_1_3' title="bbox 394 281 1438 325">
     <span class='ocr_line' id='line_1_3' title="bbox 394 281 1438 325; baseline -0.002 0"><span class='ocrx_word' id='word_1_5' title='bbox 394 281 451 325; x_wconf 88' lang='grc'><strong>18</strong></span> <span class='ocrx_word' id='word_1_6' title='bbox 723 291 982 325; x_wconf 71' lang='lat' dir='ltr'><strong>Rosn&#39;rUM</strong></span> <span class='ocrx_word' id='word_1_7' title='bbox 1012 289 1438 324; x_wconf 69' lang='lat' dir='ltr'><strong>GnoMm-mcum.</strong></span> 
     </span>
    </p>
   </div>
   <div class='ocr_carea' id='block_1_4' title="bbox 940 492 1217 541">
    <p class='ocr_par' dir='ltr' id='par_1_4' title="bbox 940 492 1217 541">
     <span class='ocr_line' id='line_1_4' title="bbox 940 492 1217 541; baseline -0.011 0"><span class='ocrx_word' id='word_1_8' title='bbox 940 493 1122 541; x_wconf 87' lang='lat' dir='ltr'><strong>PROP.</strong></span> <span class='ocrx_word' id='word_1_9' title='bbox 1158 492 1217 539; x_wconf 90' lang='lat' dir='ltr'><strong>V.</strong></span> 
     </span>
    </p>
   </div>
   <div class='ocr_carea' id='block_1_5' title="bbox 588 614 1573 652">
    <p class='ocr_par' dir='ltr' id='par_1_5' title="bbox 588 614 1573 652">
     <span class='ocr_line' id='line_1_5' title="bbox 588 614 1573 652; baseline -0.002 -2"><span class='ocrx_word' id='word_1_10' title='bbox 588 617 659 651; x_wconf 87' lang='lat' dir='ltr'><strong>DE</strong></span> <span class='ocrx_word' id='word_1_11' title='bbox 685 617 1089 652; x_wconf 86' lang='lat' dir='ltr'><strong>MAGNITUDINE</strong></span> <span class='ocrx_word' id='word_1_12' title='bbox 1116 615 1295 650; x_wconf 82' lang='lat' dir='ltr'>ARCUS</span> <span class='ocrx_word' id='word_1_13' title='bbox 1328 614 1573 649; x_wconf 79' lang='lat' dir='ltr'>CIRCULI.</span> 
     </span>
    </p>
   </div>
   <div class='ocr_carea' id='block_1_6' title="bbox 385 700 1777 2725">
    <p class='ocr_par' dir='ltr' id='par_1_6' title="bbox 389 700 1774 917">
     <span class='ocr_line' id='line_1_6' title="bbox 389 700 1773 767; baseline 0.001 -18"><span class='ocrx_word' id='word_1_14' title='bbox 389 702 580 750; x_wconf 83' lang='lat' dir='ltr'>MEDIA</span> <span class='ocrx_word' id='word_1_15' title='bbox 605 703 980 767; x_wconf 89' lang='lat' dir='ltr'><strong>proportionalis</strong></span> <span class='ocrx_word' id='word_1_16' title='bbox 1004 702 1133 750; x_wconf 89' lang='lat' dir='ltr'><strong>inter</strong></span> <span class='ocrx_word' id='word_1_17' title='bbox 1157 700 1574 749; x_wconf 87' lang='lat' dir='ltr'><strong>semidiametrum</strong></span> <span class='ocrx_word' id='word_1_18' title='bbox 1604 701 1773 750; x_wconf 87' lang='lat' dir='ltr'><strong>circuli</strong></span> 
     </span>
     <span class='ocr_line' id='line_1_7' title="bbox 389 775 1774 841; baseline -0.001 -15"><span class='ocrx_word' id='word_1_19' title='bbox 389 784 438 826; x_wconf 90' lang='lat' dir='ltr'><strong>et</strong></span> <span class='ocrx_word' id='word_1_20' title='bbox 462 778 679 841; x_wconf 89' lang='lat' dir='ltr'><strong>ejusdem</strong></span> <span class='ocrx_word' id='word_1_21' title='bbox 705 779 824 826; x_wconf 87' lang='lat' dir='ltr'><strong>duas</strong></span> <span class='ocrx_word' id='word_1_22' title='bbox 844 778 1051 841; x_wconf 88' lang='lat' dir='ltr'><strong>quintas,</strong></span> <span class='ocrx_word' id='word_1_23' title='bbox 1072 776 1269 840; x_wconf 88' lang='lat' dir='ltr'><strong>aequalis</strong></span> <span class='ocrx_word' id='word_1_24' title='bbox 1289 782 1363 824; x_wconf 89' lang='lat' dir='ltr'><strong>est</strong></span> <span class='ocrx_word' id='word_1_25' title='bbox 1383 775 1571 824; x_wconf 90' lang='lat' dir='ltr'><strong>duabus</strong></span> <span class='ocrx_word' id='word_1_26' title='bbox 1591 776 1774 840; x_wconf 85' lang='lat' dir='ltr'><strong>quintis</strong></span> 
     </span>
     <span class='ocr_line' id='line_1_8' title="bbox 390 852 958 917; baseline -0.002 -17"><span class='ocrx_word' id='word_1_27' title='bbox 390 861 576 917; x_wconf 85' lang='lat' dir='ltr'><strong>quartae</strong></span> <span class='ocrx_word' id='word_1_28' title='bbox 599 853 752 916; x_wconf 88' lang='lat' dir='ltr'><strong>partis</strong></span> <span class='ocrx_word' id='word_1_29' title='bbox 777 852 958 901; x_wconf 87' lang='lat' dir='ltr'><strong>circuli.</strong></span> 
     </span>
    </p>

    <p class='ocr_par' dir='ltr' id='par_1_7' title="bbox 389 926 1777 1292">
     <span class='ocr_line' id='line_1_9' title="bbox 456 926 1777 991; baseline 0 -15"><span class='ocrx_word' id='word_1_30' title='bbox 456 928 773 976; x_wconf 86' lang='lat' dir='ltr'><strong>Describatur</strong></span> <span class='ocrx_word' id='word_1_31' title='bbox 791 927 1034 991; x_wconf 88' lang='lat' dir='ltr'><strong>quadrans</strong></span> <span class='ocrx_word' id='word_1_32' title='bbox 1050 926 1220 974; x_wconf 90' lang='lat' dir='ltr'><strong>circuli</strong></span> <span class='ocrx_word' id='word_1_33' title='bbox 1239 926 1388 985; x_wconf 88' lang='lat' dir='ltr'>DAC,</span> <span class='ocrx_word' id='word_1_34' title='bbox 1405 934 1455 974; x_wconf 90' lang='lat' dir='ltr'><strong>et</strong></span> <span class='ocrx_word' id='word_1_35' title='bbox 1473 926 1777 990; x_wconf 84' lang='lat' dir='ltr'>compleatur</span> 
     </span>
     <span class='ocr_line' id='line_1_10' title="bbox 390 1001 1776 1066; baseline 0 -15"><span class='ocrx_word' id='word_1_36' title='bbox 390 1003 679 1066; x_wconf 86' lang='lat' dir='ltr'><strong>quadratum</strong></span> <span class='ocrx_word' id='word_1_37' title='bbox 696 1002 890 1051; x_wconf 88' lang='lat' dir='ltr'><strong>ABCD.</strong></span> <span class='ocrx_word' id='word_1_38' title='bbox 949 1003 1006 1050; x_wconf 90' lang='lat' dir='ltr'><strong>In</strong></span> <span class='ocrx_word' id='word_1_39' title='bbox 1031 1001 1183 1049; x_wconf 89' lang='lat' dir='ltr'><strong>latere</strong></span> <span class='ocrx_word' id='word_1_40' title='bbox 1207 1001 1294 1049; x_wconf 89' lang='lat' dir='ltr'><strong>DC</strong></span> <span class='ocrx_word' id='word_1_41' title='bbox 1318 1002 1539 1065; x_wconf 85' lang='lat' dir='ltr'><strong>signetur</strong></span> <span class='ocrx_word' id='word_1_42' title='bbox 1562 1001 1650 1050; x_wconf 92' lang='lat' dir='ltr'><strong>DT</strong></span> <span class='ocrx_word' id='word_1_43' title='bbox 1664 1001 1776 1051; x_wconf 86' lang='lat' dir='ltr'><strong>duae</strong></span> 
     </span>
     <span class='ocr_line' id='line_1_11' title="bbox 389 1077 1776 1142; baseline 0.001 -16"><span class='ocrx_word' id='word_1_44' title='bbox 389 1079 538 1142; x_wconf 88' lang='lat' dir='ltr'><strong>ipsius</strong></span> <span class='ocrx_word' id='word_1_45' title='bbox 562 1079 773 1141; x_wconf 81' lang='lat' dir='ltr'><strong>quintae3</strong></span> <span class='ocrx_word' id='word_1_46' title='bbox 809 1085 858 1126; x_wconf 88' lang='lat' dir='ltr'><strong>et</strong></span> <span class='ocrx_word' id='word_1_47' title='bbox 885 1078 1012 1125; x_wconf 89' lang='lat' dir='ltr'><strong>inter</strong></span> <span class='ocrx_word' id='word_1_48' title='bbox 1045 1077 1132 1124; x_wconf 91' lang='lat' dir='ltr'><strong>DC</strong></span> <span class='ocrx_word' id='word_1_49' title='bbox 1160 1083 1210 1124; x_wconf 91' lang='lat' dir='ltr'><strong>et</strong></span> <span class='ocrx_word' id='word_1_50' title='bbox 1244 1077 1332 1125; x_wconf 91' lang='lat' dir='ltr'><strong>DT</strong></span> <span class='ocrx_word' id='word_1_51' title='bbox 1366 1086 1590 1126; x_wconf 86' lang='lat' dir='ltr'><strong>sumatur</strong></span> <span class='ocrx_word' id='word_1_52' title='bbox 1612 1078 1776 1127; x_wconf 92' lang='lat' dir='ltr'><strong>media</strong></span> 
     </span>
     <span class='ocr_line' id='line_1_12' title="bbox 389 1152 1776 1217; baseline 0.001 -16"><span class='ocrx_word' id='word_1_53' title='bbox 389 1153 766 1217; x_wconf 90' lang='lat' dir='ltr'><strong>proportionalis</strong></span> <span class='ocrx_word' id='word_1_54' title='bbox 802 1153 915 1208; x_wconf 90' lang='lat' dir='ltr'><strong>DR;</strong></span> <span class='ocrx_word' id='word_1_55' title='bbox 952 1160 1002 1200; x_wconf 88' lang='lat' dir='ltr'><strong>et</strong></span> <span class='ocrx_word' id='word_1_56' title='bbox 1027 1152 1368 1200; x_wconf 84' lang='lat' dir='ltr'><strong>describantur</strong></span> <span class='ocrx_word' id='word_1_57' title='bbox 1402 1169 1544 1201; x_wconf 90' lang='lat' dir='ltr'><strong>arcus</strong></span> <span class='ocrx_word' id='word_1_58' title='bbox 1568 1152 1666 1212; x_wconf 85' lang='lat' dir='ltr'><strong>RS,</strong></span> <span class='ocrx_word' id='word_1_59' title='bbox 1688 1153 1776 1202; x_wconf 89' lang='lat' dir='ltr'><strong>TV</strong></span> 
     </span>
     <span class='ocr_line' id='line_1_13' title="bbox 390 1228 1775 1292; baseline 0.001 -16"><span class='ocrx_word' id='word_1_60' title='bbox 390 1229 747 1292; x_wconf 85' lang='lat' dir='ltr'><strong>quadrantales.</strong></span> <span class='ocrx_word' id='word_1_61' title='bbox 794 1229 882 1276; x_wconf 89' lang='lat' dir='ltr'><strong>Est</strong></span> <span class='ocrx_word' id='word_1_62' title='bbox 900 1244 1018 1291; x_wconf 85' lang='lat' dir='ltr'><strong>ergo</strong></span> <span class='ocrx_word' id='word_1_63' title='bbox 1037 1244 1179 1276; x_wconf 89' lang='lat' dir='ltr'><strong>arcus</strong></span> <span class='ocrx_word' id='word_1_64' title='bbox 1197 1228 1283 1276; x_wconf 89' lang='lat' dir='ltr'><strong>TV</strong></span> <span class='ocrx_word' id='word_1_65' title='bbox 1302 1228 1412 1277; x_wconf 87' lang='lat' dir='ltr'><strong>duae</strong></span> <span class='ocrx_word' id='word_1_66' title='bbox 1432 1229 1616 1292; x_wconf 85' lang='lat' dir='ltr'><strong>quintae</strong></span> <span class='ocrx_word' id='word_1_67' title='bbox 1633 1245 1775 1278; x_wconf 84' lang='lat' dir='ltr'><strong>arcus</strong></span> 
     </span>
    </p>

    <p class='ocr_par' dir='ltr' id='par_1_8' title="bbox 454 1379 1656 1444">
     <span class='ocr_line' id='line_1_14' title="bbox 454 1379 1656 1444; baseline 0.001 -17"><span class='ocrx_word' id='word_1_68' title='bbox 454 1379 577 1427; x_wconf 86' lang='lat' dir='ltr'>Dico</span> <span class='ocrx_word' id='word_1_69' title='bbox 602 1395 768 1427; x_wconf 89' lang='lat' dir='ltr'><strong>arcum</strong></span> <span class='ocrx_word' id='word_1_70' title='bbox 791 1380 876 1427; x_wconf 92' lang='lat' dir='ltr'><strong>TV</strong></span> <span class='ocrx_word' id='word_1_71' title='bbox 897 1387 946 1427; x_wconf 89' lang='lat' dir='ltr'><strong>et</strong></span> <span class='ocrx_word' id='word_1_72' title='bbox 971 1387 1158 1427; x_wconf 90' lang='lat' dir='ltr'><strong>rectam</strong></span> <span class='ocrx_word' id='word_1_73' title='bbox 1182 1380 1276 1428; x_wconf 90' lang='lat' dir='ltr'><strong>DR</strong></span> <span class='ocrx_word' id='word_1_74' title='bbox 1300 1395 1406 1428; x_wconf 88' lang='lat' dir='ltr'><strong>esse</strong></span> <span class='ocrx_word' id='word_1_75' title='bbox 1430 1379 1656 1444; x_wconf 88' lang='lat' dir='ltr'><strong>aequales.</strong></span> 
     </span>
    </p>

    <p class='ocr_par' dir='ltr' id='par_1_9' title="bbox 385 1454 1775 1896">
     <span class='ocr_line' id='line_1_15' title="bbox 456 1454 1774 1513; baseline 0.001 -11"><span class='ocrx_word' id='word_1_76' title='bbox 456 1455 699 1503; x_wconf 78' lang='lat' dir='ltr'><strong>Quoniam</strong></span> <span class='ocrx_word' id='word_1_77' title='bbox 715 1463 788 1502; x_wconf 90' lang='lat' dir='ltr'><strong>est</strong></span> <span class='ocrx_word' id='word_1_78' title='bbox 802 1461 858 1502; x_wconf 92' lang='lat' dir='ltr'><strong>ut</strong></span> <span class='ocrx_word' id='word_1_79' title='bbox 875 1454 960 1502; x_wconf 88' lang='lat' dir='ltr'><strong>DC</strong></span> <span class='ocrx_word' id='word_1_80' title='bbox 974 1454 1037 1502; x_wconf 88' lang='lat' dir='ltr'><strong>ad</strong></span> <span class='ocrx_word' id='word_1_81' title='bbox 1053 1455 1160 1513; x_wconf 90' lang='lat' dir='ltr'><strong>DR,</strong></span> <span class='ocrx_word' id='word_1_82' title='bbox 1176 1455 1248 1503; x_wconf 86' lang='lat' dir='ltr'><strong>ita</strong></span> <span class='ocrx_word' id='word_1_83' title='bbox 1263 1471 1405 1504; x_wconf 87' lang='lat' dir='ltr'><strong>arcus</strong></span> <span class='ocrx_word' id='word_1_84' title='bbox 1422 1455 1511 1503; x_wconf 92' lang='lat' dir='ltr'><strong>CA</strong></span> <span class='ocrx_word' id='word_1_85' title='bbox 1525 1455 1589 1503; x_wconf 86' lang='lat' dir='ltr'><strong>ad</strong></span> <span class='ocrx_word' id='word_1_86' title='bbox 1606 1470 1774 1503; x_wconf 89' lang='lat' dir='ltr'><strong>arcum</strong></span> 
     </span>
     <span class='ocr_line' id='line_1_16' title="bbox 388 1528 1775 1594; baseline 0.001 -17"><span class='ocrx_word' id='word_1_87' title='bbox 388 1530 493 1578; x_wconf 83' lang='lat' dir='ltr'><strong>RS:</strong></span> <span class='ocrx_word' id='word_1_88' title='bbox 518 1530 612 1578; x_wconf 89' lang='lat' dir='ltr'><strong>erit</strong></span> <span class='ocrx_word' id='word_1_89' title='bbox 636 1546 827 1593; x_wconf 90' lang='lat' dir='ltr'><strong>quoque</strong></span> <span class='ocrx_word' id='word_1_90' title='bbox 849 1537 906 1577; x_wconf 91' lang='lat' dir='ltr'><strong>ut</strong></span> <span class='ocrx_word' id='word_1_91' title='bbox 938 1528 1024 1578; x_wconf 80' lang='lat' dir='ltr'><strong>DC</strong></span> <span class='ocrx_word' id='word_1_92' title='bbox 1048 1530 1111 1578; x_wconf 92' lang='lat' dir='ltr'><strong>ad</strong></span> <span class='ocrx_word' id='word_1_93' title='bbox 1134 1530 1244 1590; x_wconf 92' lang='lat' dir='ltr'><strong>DR,</strong></span> <span class='ocrx_word' id='word_1_94' title='bbox 1268 1531 1338 1578; x_wconf 91' lang='lat' dir='ltr'><strong>ita</strong></span> <span class='ocrx_word' id='word_1_95' title='bbox 1362 1546 1506 1579; x_wconf 88' lang='lat' dir='ltr'><strong>arcus</strong></span> <span class='ocrx_word' id='word_1_96' title='bbox 1531 1529 1775 1594; x_wconf 86' lang='lat' dir='ltr'><strong>quadran-</strong></span> 
     </span>
     <span class='ocr_line' id='line_1_17' title="bbox 385 1604 1775 1668; baseline 0.001 -16"><span class='ocrx_word' id='word_1_97' title='bbox 385 1606 496 1653; x_wconf 88' lang='lat' dir='ltr'><strong>talis</strong></span> <span class='ocrx_word' id='word_1_98' title='bbox 512 1605 783 1668; x_wconf 88' lang='lat' dir='ltr'><strong>descriptus</strong></span> <span class='ocrx_word' id='word_1_99' title='bbox 799 1605 937 1653; x_wconf 89' lang='lat' dir='ltr'><strong>radio</strong></span> <span class='ocrx_word' id='word_1_100' title='bbox 955 1604 1056 1665; x_wconf 81' lang='lat' dir='ltr'><strong>DC,</strong></span> <span class='ocrx_word' id='word_1_101' title='bbox 1076 1606 1128 1654; x_wconf 93' lang='lat' dir='ltr'><strong>id</strong></span> <span class='ocrx_word' id='word_1_102' title='bbox 1146 1613 1220 1654; x_wconf 89' lang='lat' dir='ltr'><strong>est</strong></span> <span class='ocrx_word' id='word_1_103' title='bbox 1239 1622 1382 1654; x_wconf 89' lang='lat' dir='ltr'><strong>arcus</strong></span> <span class='ocrx_word' id='word_1_104' title='bbox 1402 1605 1507 1662; x_wconf 87' lang='lat' dir='ltr'><strong>CA,</strong></span> <span class='ocrx_word' id='word_1_105' title='bbox 1523 1605 1588 1654; x_wconf 89' lang='lat' dir='ltr'><strong>ad</strong></span> <span class='ocrx_word' id='word_1_106' title='bbox 1605 1621 1775 1654; x_wconf 87' lang='lat' dir='ltr'><strong>arcum</strong></span> 
     </span>
     <span class='ocr_line' id='line_1_18' title="bbox 386 1680 1774 1744; baseline 0.003 -17"><span class='ocrx_word' id='word_1_107' title='bbox 386 1680 681 1744; x_wconf 88' lang='lat' dir='ltr'><strong>descriptum</strong></span> <span class='ocrx_word' id='word_1_108' title='bbox 727 1681 864 1729; x_wconf 89' lang='lat' dir='ltr'><strong>radio</strong></span> <span class='ocrx_word' id='word_1_109' title='bbox 913 1681 993 1729; x_wconf 88' lang='lat' dir='ltr'><strong>RS</strong></span> <span class='ocrx_word' id='word_1_110' title='bbox 1047 1689 1248 1730; x_wconf 88' lang='lat' dir='ltr'><strong>extenso</strong></span> <span class='ocrx_word' id='word_1_111' title='bbox 1289 1682 1340 1729; x_wconf 94' lang='lat' dir='ltr'><strong>in</strong></span> <span class='ocrx_word' id='word_1_112' title='bbox 1375 1681 1774 1731; x_wconf 73' lang='lat' dir='ltr'><strong>rectitudinem*.</strong></span> 
     </span>
     <span class='ocr_line' id='line_1_19' title="bbox 387 1755 1775 1820; baseline 0.001 -17"><span class='ocrx_word' id='word_1_113' title='bbox 387 1755 533 1804; x_wconf 92' lang='lat' dir='ltr'><strong>Quod</strong></span> <span class='ocrx_word' id='word_1_114' title='bbox 554 1756 660 1803; x_wconf 91' lang='lat' dir='ltr'><strong>fieri</strong></span> <span class='ocrx_word' id='word_1_115' title='bbox 683 1772 782 1804; x_wconf 92' lang='lat' dir='ltr'><strong>non</strong></span> <span class='ocrx_word' id='word_1_116' title='bbox 806 1763 984 1819; x_wconf 88' lang='lat' dir='ltr'><strong>potest,</strong></span> <span class='ocrx_word' id='word_1_117' title='bbox 1003 1757 1099 1805; x_wconf 91' lang='lat' dir='ltr'><strong>nisi</strong></span> <span class='ocrx_word' id='word_1_118' title='bbox 1117 1773 1259 1805; x_wconf 86' lang='lat' dir='ltr'><strong>arcus</strong></span> <span class='ocrx_word' id='word_1_119' title='bbox 1277 1756 1551 1820; x_wconf 88' lang='lat' dir='ltr'><strong>descriptus</strong></span> <span class='ocrx_word' id='word_1_120' title='bbox 1575 1757 1639 1805; x_wconf 86' lang='lat' dir='ltr'><strong>ab</strong></span> <span class='ocrx_word' id='word_1_121' title='bbox 1656 1772 1775 1805; x_wconf 83' lang='lat' dir='ltr'><strong>arcu</strong></span> 
     </span>
     <span class='ocr_line' id='line_1_20' title="bbox 386 1830 1651 1896; baseline 0.002 -18"><span class='ocrx_word' id='word_1_122' title='bbox 386 1830 466 1879; x_wconf 88' lang='lat' dir='ltr'><strong>RS</strong></span> <span class='ocrx_word' id='word_1_123' title='bbox 491 1839 692 1879; x_wconf 89' lang='lat' dir='ltr'><strong>extenso</strong></span> <span class='ocrx_word' id='word_1_124' title='bbox 716 1831 766 1879; x_wconf 92' lang='lat' dir='ltr'><strong>in</strong></span> <span class='ocrx_word' id='word_1_125' title='bbox 789 1832 1136 1880; x_wconf 85' lang='lat' dir='ltr'><strong>rectitudinem</strong></span> <span class='ocrx_word' id='word_1_126' title='bbox 1161 1833 1225 1881; x_wconf 89' lang='lat' dir='ltr'><strong>sit</strong></span> <span class='ocrx_word' id='word_1_127' title='bbox 1254 1832 1359 1896; x_wconf 88' lang='lat' dir='ltr'><strong>ipse</strong></span> <span class='ocrx_word' id='word_1_128' title='bbox 1383 1847 1525 1880; x_wconf 89' lang='lat' dir='ltr'><strong>arcus</strong></span> <span class='ocrx_word' id='word_1_129' title='bbox 1550 1832 1651 1880; x_wconf 90' lang='lat' dir='ltr'><strong>CA.</strong></span> 
     </span>
    </p>

    <p class='ocr_par' dir='ltr' id='par_1_10' title="bbox 385 1906 1776 2571">
     <span class='ocr_line' id='line_1_21' title="bbox 453 1906 1776 1972; baseline 0.002 -19"><span class='ocrx_word' id='word_1_130' title='bbox 453 1906 767 1970; x_wconf 88' lang='lat' dir='ltr'><strong>Supponatur</strong></span> <span class='ocrx_word' id='word_1_131' title='bbox 785 1908 916 1956; x_wconf 89' lang='lat' dir='ltr'><strong>enim</strong></span> <span class='ocrx_word' id='word_1_132' title='bbox 940 1924 1083 1956; x_wconf 89' lang='lat' dir='ltr'><strong>arcus</strong></span> <span class='ocrx_word' id='word_1_133' title='bbox 1101 1908 1182 1956; x_wconf 88' lang='lat' dir='ltr'><strong>RS</strong></span> <span class='ocrx_word' id='word_1_134' title='bbox 1202 1907 1402 1972; x_wconf 80' lang='lat' dir='ltr'><strong>aequalis</strong></span> <span class='ocrx_word' id='word_1_135' title='bbox 1425 1915 1574 1956; x_wconf 89' lang='lat' dir='ltr'><strong>rectae</strong></span> <span class='ocrx_word' id='word_1_136' title='bbox 1597 1907 1700 1964; x_wconf 82' lang='lat' dir='ltr'><strong>Da3</strong></span> <span class='ocrx_word' id='word_1_137' title='bbox 1725 1914 1776 1957; x_wconf 89' lang='lat' dir='ltr'><strong>et</strong></span> 
     </span>
     <span class='ocr_line' id='line_1_22' title="bbox 386 1980 1776 2047; baseline 0.003 -19"><span class='ocrx_word' id='word_1_138' title='bbox 386 1980 687 2030; x_wconf 86' lang='lat' dir='ltr'><strong>describatur</strong></span> <span class='ocrx_word' id='word_1_139' title='bbox 701 1998 843 2031; x_wconf 85' lang='lat' dir='ltr'><strong>arcus</strong></span> <span class='ocrx_word' id='word_1_140' title='bbox 862 1983 1195 2047; x_wconf 89' lang='lat' dir='ltr'><strong>quadrantalis</strong></span> <span class='ocrx_word' id='word_1_141' title='bbox 1220 1983 1300 2031; x_wconf 82' lang='lat' dir='ltr'><strong>ab.</strong></span> <span class='ocrx_word' id='word_1_142' title='bbox 1353 1983 1600 2032; x_wconf 81' lang='lat' dir='ltr'><strong>Quoniam</strong></span> <span class='ocrx_word' id='word_1_143' title='bbox 1624 1983 1776 2046; x_wconf 86' lang='lat' dir='ltr'><strong>igitur</strong></span> 
     </span>
     <span class='ocr_line' id='line_1_23' title="bbox 386 2058 1775 2118; baseline 0.003 -15"><span class='ocrx_word' id='word_1_144' title='bbox 386 2064 459 2104; x_wconf 89' lang='lat' dir='ltr'><strong>est</strong></span> <span class='ocrx_word' id='word_1_145' title='bbox 481 2064 535 2104; x_wconf 90' lang='lat' dir='ltr'><strong>ut</strong></span> <span class='ocrx_word' id='word_1_146' title='bbox 558 2073 699 2105; x_wconf 83' lang='lat' dir='ltr'><strong>arcus</strong></span> <span class='ocrx_word' id='word_1_147' title='bbox 725 2058 812 2105; x_wconf 91' lang='lat' dir='ltr'><strong>CA</strong></span> <span class='ocrx_word' id='word_1_148' title='bbox 837 2059 900 2107; x_wconf 91' lang='lat' dir='ltr'><strong>ad</strong></span> <span class='ocrx_word' id='word_1_149' title='bbox 923 2066 1106 2107; x_wconf 88' lang='lat' dir='ltr'><strong>rectam</strong></span> <span class='ocrx_word' id='word_1_150' title='bbox 1131 2059 1226 2118; x_wconf 85' lang='lat' dir='ltr'><strong>Da,</strong></span> <span class='ocrx_word' id='word_1_151' title='bbox 1251 2059 1322 2107; x_wconf 90' lang='lat' dir='ltr'><strong>ita</strong></span> <span class='ocrx_word' id='word_1_152' title='bbox 1345 2058 1432 2107; x_wconf 89' lang='lat' dir='ltr'><strong>DC</strong></span> <span class='ocrx_word' id='word_1_153' title='bbox 1455 2058 1519 2106; x_wconf 88' lang='lat' dir='ltr'><strong>ad</strong></span> <span class='ocrx_word' id='word_1_154' title='bbox 1543 2059 1657 2107; x_wconf 90' lang='lat' dir='ltr'><strong>DR:</strong></span> <span class='ocrx_word' id='word_1_155' title='bbox 1686 2059 1775 2107; x_wconf 88' lang='lat' dir='ltr'><strong>fiat</strong></span> 
     </span>
     <span class='ocr_line' id='line_1_24' title="bbox 385 2132 1776 2198; baseline 0.002 -20"><span class='ocrx_word' id='word_1_156' title='bbox 385 2139 440 2179; x_wconf 90' lang='lat' dir='ltr'><strong>ut</strong></span> <span class='ocrx_word' id='word_1_157' title='bbox 464 2132 548 2179; x_wconf 89' lang='lat' dir='ltr'><strong>DC</strong></span> <span class='ocrx_word' id='word_1_158' title='bbox 571 2132 634 2179; x_wconf 84' lang='lat' dir='ltr'><strong>ad</strong></span> <span class='ocrx_word' id='word_1_159' title='bbox 665 2133 772 2192; x_wconf 89' lang='lat' dir='ltr'><strong>DR,</strong></span> <span class='ocrx_word' id='word_1_160' title='bbox 796 2134 867 2181; x_wconf 86' lang='lat' dir='ltr'><strong>ita</strong></span> <span class='ocrx_word' id='word_1_161' title='bbox 890 2134 970 2182; x_wconf 81' lang='lat' dir='ltr'><strong>Da</strong></span> <span class='ocrx_word' id='word_1_162' title='bbox 994 2134 1057 2182; x_wconf 89' lang='lat' dir='ltr'><strong>ad</strong></span> <span class='ocrx_word' id='word_1_163' title='bbox 1085 2135 1175 2192; x_wconf 84' lang='lat' dir='ltr'><strong>Dc,</strong></span> <span class='ocrx_word' id='word_1_164' title='bbox 1201 2150 1307 2198; x_wconf 85' lang='lat' dir='ltr'><strong>quae</strong></span> <span class='ocrx_word' id='word_1_165' title='bbox 1329 2133 1605 2182; x_wconf 89' lang='lat' dir='ltr'><strong>necessario</strong></span> <span class='ocrx_word' id='word_1_166' title='bbox 1630 2132 1776 2182; x_wconf 88' lang='lat' dir='ltr'><strong>cadet</strong></span> 
     </span>
     <span class='ocr_line' id='line_1_25' title="bbox 385 2206 1772 2272; baseline 0.004 -20"><span class='ocrx_word' id='word_1_167' title='bbox 385 2206 514 2253; x_wconf 88' lang='lat' dir='ltr'><strong>infra</strong></span> <span class='ocrx_word' id='word_1_168' title='bbox 558 2207 623 2254; x_wconf 88' lang='lat' dir='ltr'><strong>R:</strong></span> <span class='ocrx_word' id='word_1_169' title='bbox 679 2208 1078 2272; x_wconf 87' lang='lat' dir='ltr'><strong>describaturque</strong></span> <span class='ocrx_word' id='word_1_170' title='bbox 1124 2224 1265 2257; x_wconf 89' lang='lat' dir='ltr'><strong>arcus</strong></span> <span class='ocrx_word' id='word_1_171' title='bbox 1312 2208 1648 2272; x_wconf 83' lang='lat' dir='ltr'><strong>quadrantalis</strong></span> <span class='ocrx_word' id='word_1_172' title='bbox 1694 2209 1772 2257; x_wconf 82' lang='lat' dir='ltr'><strong>cd.</strong></span> 
     </span>
     <span class='ocr_line' id='line_1_26' title="bbox 389 2282 1773 2346; baseline 0.001 -15"><span class='ocrx_word' id='word_1_173' title='bbox 389 2282 631 2331; x_wconf 75' lang='lat' dir='ltr'><strong>Quoniam</strong></span> <span class='ocrx_word' id='word_1_174' title='bbox 652 2299 768 2346; x_wconf 84' lang='lat' dir='ltr'><strong>ergo</strong></span> <span class='ocrx_word' id='word_1_175' title='bbox 789 2292 863 2332; x_wconf 89' lang='lat' dir='ltr'><strong>est</strong></span> <span class='ocrx_word' id='word_1_176' title='bbox 879 2292 936 2332; x_wconf 92' lang='lat' dir='ltr'><strong>ut</strong></span> <span class='ocrx_word' id='word_1_177' title='bbox 960 2284 1046 2333; x_wconf 89' lang='lat' dir='ltr'><strong>DC</strong></span> <span class='ocrx_word' id='word_1_178' title='bbox 1064 2284 1127 2332; x_wconf 89' lang='lat' dir='ltr'><strong>ad</strong></span> <span class='ocrx_word' id='word_1_179' title='bbox 1150 2284 1258 2342; x_wconf 88' lang='lat' dir='ltr'><strong>DR,</strong></span> <span class='ocrx_word' id='word_1_180' title='bbox 1278 2283 1348 2332; x_wconf 86' lang='lat' dir='ltr'><strong>ita</strong></span> <span class='ocrx_word' id='word_1_181' title='bbox 1368 2284 1460 2332; x_wconf 88' lang='lat' dir='ltr'><strong>DR</strong></span> <span class='ocrx_word' id='word_1_182' title='bbox 1483 2282 1546 2331; x_wconf 89' lang='lat' dir='ltr'><strong>ad</strong></span> <span class='ocrx_word' id='word_1_183' title='bbox 1564 2283 1668 2342; x_wconf 89' lang='lat' dir='ltr'><strong>DT,</strong></span> <span class='ocrx_word' id='word_1_184' title='bbox 1686 2284 1773 2332; x_wconf 88' lang='lat' dir='ltr'><strong>fiat</strong></span> 
     </span>
     <span class='ocr_line' id='line_1_27' title="bbox 387 2358 1773 2422; baseline 0.001 -18"><span class='ocrx_word' id='word_1_185' title='bbox 387 2373 578 2420; x_wconf 88' lang='lat' dir='ltr'><strong>quoque</strong></span> <span class='ocrx_word' id='word_1_186' title='bbox 601 2366 656 2406; x_wconf 91' lang='lat' dir='ltr'><strong>ut</strong></span> <span class='ocrx_word' id='word_1_187' title='bbox 680 2359 772 2406; x_wconf 90' lang='lat' dir='ltr'><strong>DR</strong></span> <span class='ocrx_word' id='word_1_188' title='bbox 792 2360 852 2407; x_wconf 90' lang='lat' dir='ltr'><strong>ad</strong></span> <span class='ocrx_word' id='word_1_189' title='bbox 879 2360 983 2419; x_wconf 90' lang='lat' dir='ltr'><strong>DT,</strong></span> <span class='ocrx_word' id='word_1_190' title='bbox 1003 2360 1072 2407; x_wconf 89' lang='lat' dir='ltr'><strong>ita</strong></span> <span class='ocrx_word' id='word_1_191' title='bbox 1096 2360 1170 2408; x_wconf 83' lang='lat' dir='ltr'><strong>Dc</strong></span> <span class='ocrx_word' id='word_1_192' title='bbox 1188 2359 1252 2407; x_wconf 91' lang='lat' dir='ltr'><strong>ad</strong></span> <span class='ocrx_word' id='word_1_193' title='bbox 1271 2358 1360 2407; x_wconf 88' lang='lat' dir='ltr'><strong>De.</strong></span> <span class='ocrx_word' id='word_1_194' title='bbox 1433 2358 1598 2408; x_wconf 88' lang='lat' dir='ltr'><strong>Quare</strong></span> <span class='ocrx_word' id='word_1_195' title='bbox 1621 2374 1773 2422; x_wconf 89' lang='lat' dir='ltr'><strong>punc-</strong></span> 
     </span>
     <span class='ocr_line' id='line_1_28' title="bbox 385 2433 1774 2498; baseline 0.001 -18"><span class='ocrx_word' id='word_1_196' title='bbox 385 2440 491 2480; x_wconf 91' lang='lat' dir='ltr'><strong>tum</strong></span> <span class='ocrx_word' id='word_1_197' title='bbox 513 2450 540 2480; x_wconf 86' lang='lat' dir='ltr'><strong>e</strong></span> <span class='ocrx_word' id='word_1_198' title='bbox 562 2434 701 2482; x_wconf 89' lang='lat' dir='ltr'><strong>cadet</strong></span> <span class='ocrx_word' id='word_1_199' title='bbox 735 2435 862 2483; x_wconf 87' lang='lat' dir='ltr'><strong>infra</strong></span> <span class='ocrx_word' id='word_1_200' title='bbox 888 2436 944 2483; x_wconf 91' lang='lat' dir='ltr'><strong>T.</strong></span> <span class='ocrx_word' id='word_1_201' title='bbox 1016 2435 1332 2484; x_wconf 90' lang='lat' dir='ltr'><strong>Describatur</strong></span> <span class='ocrx_word' id='word_1_202' title='bbox 1362 2450 1505 2483; x_wconf 87' lang='lat' dir='ltr'><strong>arcus</strong></span> <span class='ocrx_word' id='word_1_203' title='bbox 1529 2433 1774 2498; x_wconf 87' lang='lat' dir='ltr'><strong>quadran-</strong></span> 
     </span>
     <span class='ocr_line' id='line_1_29' title="bbox 386 2508 582 2571; baseline 0.01 -17"><span class='ocrx_word' id='word_1_204' title='bbox 386 2508 496 2555; x_wconf 87' lang='lat' dir='ltr'><strong>talis</strong></span> <span class='ocrx_word' id='word_1_205' title='bbox 519 2508 582 2571; x_wconf 65' lang='lat' dir='ltr'><strong>(gf.</strong></span> 
     </span>
    </p>

    <p class='ocr_par' dir='ltr' id='par_1_11' title="bbox 387 2583 1771 2725">
     <span class='ocr_line' id='line_1_30' title="bbox 454 2583 1771 2648; baseline 0.001 -16"><span class='ocrx_word' id='word_1_206' title='bbox 454 2583 696 2632; x_wconf 76' lang='lat' dir='ltr'><strong>Quoniam</strong></span> <span class='ocrx_word' id='word_1_207' title='bbox 731 2601 846 2648; x_wconf 86' lang='lat' dir='ltr'><strong>ergo</strong></span> <span class='ocrx_word' id='word_1_208' title='bbox 882 2594 982 2634; x_wconf 87' lang='lat' dir='ltr'><strong>tres</strong></span> <span class='ocrx_word' id='word_1_209' title='bbox 1017 2601 1159 2634; x_wconf 87' lang='lat' dir='ltr'><strong>arcus</strong></span> <span class='ocrx_word' id='word_1_210' title='bbox 1196 2585 1298 2643; x_wconf 90' lang='lat' dir='ltr'><strong>CA,</strong></span> <span class='ocrx_word' id='word_1_211' title='bbox 1333 2584 1430 2642; x_wconf 87' lang='lat' dir='ltr'><strong>RS,</strong></span> <span class='ocrx_word' id='word_1_212' title='bbox 1466 2583 1554 2631; x_wconf 88' lang='lat' dir='ltr'><strong>TV</strong></span> <span class='ocrx_word' id='word_1_213' title='bbox 1587 2583 1771 2633; x_wconf 87' lang='lat' dir='ltr'><strong>habent</strong></span> 
     </span>
     <span class='ocr_line' id='line_1_31' title="bbox 387 2658 1770 2725; baseline 0.001 -20"><span class='ocrx_word' id='word_1_214' title='bbox 387 2658 589 2706; x_wconf 85' lang='lat' dir='ltr'><strong>eandem</strong></span> <span class='ocrx_word' id='word_1_215' title='bbox 610 2660 737 2708; x_wconf 87' lang='lat' dir='ltr'><strong>inter</strong></span> <span class='ocrx_word' id='word_1_216' title='bbox 757 2677 808 2709; x_wconf 89' lang='lat' dir='ltr'><strong>se</strong></span> <span class='ocrx_word' id='word_1_217' title='bbox 826 2662 1069 2710; x_wconf 87' lang='lat' dir='ltr'><strong>rationem</strong></span> <span class='ocrx_word' id='word_1_218' title='bbox 1089 2677 1234 2725; x_wconf 86' lang='lat' dir='ltr'><strong>quam</strong></span> <span class='ocrx_word' id='word_1_219' title='bbox 1251 2660 1435 2708; x_wconf 85' lang='lat' dir='ltr'><strong>habent</strong></span> <span class='ocrx_word' id='word_1_220' title='bbox 1452 2659 1583 2707; x_wconf 87' lang='lat' dir='ltr'><strong>inter</strong></span> <span class='ocrx_word' id='word_1_221' title='bbox 1599 2674 1652 2708; x_wconf 84' lang='lat' dir='ltr'><strong>se</strong></span> <span class='ocrx_word' id='word_1_222' title='bbox 1669 2666 1770 2708; x_wconf 86' lang='lat' dir='ltr'><strong>tres</strong></span> 
     </span>
    </p>
   </div>
   <div class='ocr_carea' id='block_1_7' title="bbox 385 2833 1771 2946">
    <p class='ocr_par' dir='ltr' id='par_1_12' title="bbox 385 2833 1771 2946">
     <span class='ocr_line' id='line_1_32' title="bbox 438 2833 1771 2880; baseline 0.002 -8"><span class='ocrx_word' id='word_1_223' title='bbox 438 2833 461 2855; x_wconf 62' lang='lat'>¹</span> <span class='ocrx_word' id='word_1_224' title='bbox 478 2837 501 2855; x_wconf 90' lang='lat'><strong>“</strong></span> <span class='ocrx_word' id='word_1_225' title='bbox 514 2833 645 2872; x_wconf 78' lang='lat' dir='ltr'><strong>Verba</strong></span> <span class='ocrx_word' id='word_1_226' title='bbox 663 2840 790 2873; x_wconf 83' lang='lat' dir='ltr'><strong>autem</strong></span> <span class='ocrx_word' id='word_1_227' title='bbox 809 2842 957 2874; x_wconf 77' lang='lat' dir='ltr'><strong>extenso</strong></span> <span class='ocrx_word' id='word_1_228' title='bbox 975 2837 1017 2874; x_wconf 80' lang='lat' dir='ltr'><strong>in</strong></span> <span class='ocrx_word' id='word_1_229' title='bbox 1031 2835 1290 2874; x_wconf 74' lang='lat' dir='ltr'><strong>rectitudinem</strong></span> <span class='ocrx_word' id='word_1_230' title='bbox 1302 2834 1569 2880; x_wconf 81' lang='lat' dir='ltr'><strong>redundantia,</strong></span> <span class='ocrx_word' id='word_1_231' title='bbox 1582 2846 1659 2872; x_wconf 88' lang='lat' dir='ltr'><strong>non</strong></span> <span class='ocrx_word' id='word_1_232' title='bbox 1678 2840 1771 2874; x_wconf 81' lang='lat' dir='ltr'><strong>sunt</strong></span> 
     </span>
     <span class='ocr_line' id='line_1_33' title="bbox 385 2894 1767 2946; baseline 0.001 -14"><span class='ocrx_word' id='word_1_233' title='bbox 385 2895 425 2932; x_wconf 89' lang='lat' dir='ltr'><strong>in</strong></span> <span class='ocrx_word' id='word_1_234' title='bbox 444 2896 653 2946; x_wconf 79' lang='lat' dir='ltr'><strong>exemplari</strong></span> <span class='ocrx_word' id='word_1_235' title='bbox 673 2898 875 2937; x_wconf 83' lang='lat' dir='ltr'><strong>correcto”.</strong></span> <span class='ocrx_word' id='word_1_236' title='bbox 931 2898 1034 2938; x_wconf 87' lang='lat' dir='ltr'><strong>Vide</strong></span> <span class='ocrx_word' id='word_1_237' title='bbox 1049 2910 1127 2936; x_wconf 75' lang='lat' dir='ltr'><strong>Lux</strong></span> <span class='ocrx_word' id='word_1_238' title='bbox 1145 2908 1466 2943; x_wconf 52' lang='lat' dir='ltr'><strong>munzun-101³,</strong></span> <span class='ocrx_word' id='word_1_239' title='bbox 1491 2894 1668 2935; x_wconf 75' lang='lat' dir='ltr'><strong>controv.</strong></span> <span class='ocrx_word' id='word_1_240' title='bbox 1684 2896 1767 2935; x_wconf 83' lang='lat' dir='ltr'><strong>viii.</strong></span> 
     </span>
    </p>
   </div>
  </div>
 </body>
</html>
