<?xml version="1.0" encoding="UTF-8"?>
<!DOCTYPE html PUBLIC "-//W3C//DTD XHTML 1.0 Transitional//EN"
    "http://www.w3.org/TR/xhtml1/DTD/xhtml1-transitional.dtd">
<html xmlns="http://www.w3.org/1999/xhtml" xml:lang="en" lang="en">
 <head>
  <title>
</title>
<meta http-equiv="Content-Type" content="text/html;charset=utf-8" />
  <meta name='ocr-system' content='tesseract 3.04.00' />
  <meta name='ocr-capabilities' content='ocr_page ocr_carea ocr_par ocr_line ocrx_word'/>
</head>
<body>
  <div class='ocr_page' id='page_1' title='image "./operaphilosophic05hobbuoft_0428.png"; bbox 0 0 1982 3204; ppageno 0'>
   <div class='ocr_carea' id='block_1_1' title="bbox 252 218 318 265">
    <p class='ocr_par' dir='ltr' id='par_1_1' title="bbox 252 218 318 265">
     <span class='ocr_line' id='line_1_1' title="bbox 252 218 318 265; baseline 0 0"><span class='ocrx_word' id='word_1_1' title='bbox 252 218 318 265; x_wconf 88' lang='lat' dir='ltr'>xii</span> 
     </span>
    </p>
   </div>
   <div class='ocr_carea' id='block_1_2' title="bbox 253 333 1048 2931">
    <p class='ocr_par' dir='ltr' id='par_1_2' title="bbox 293 333 1031 376">
     <span class='ocr_line' id='line_1_2' title="bbox 293 333 1031 376; baseline 0.004 -11"><span class='ocrx_word' id='word_1_2' title='bbox 293 343 365 366; x_wconf 90' lang='lat' dir='ltr'>esse</span> <span class='ocrx_word' id='word_1_3' title='bbox 395 333 546 376; x_wconf 79' lang='lat' dir='ltr'>quadrati</span> <span class='ocrx_word' id='word_1_4' title='bbox 575 345 595 366; x_wconf 87' lang='lat' dir='ltr'>a</span> <span class='ocrx_word' id='word_1_5' title='bbox 619 334 806 368; x_wconf 88' lang='lat' dir='ltr'>semiradio.</span> <span class='ocrx_word' id='word_1_6' title='bbox 833 335 877 368; x_wconf 89' lang='lat' dir='ltr'>iv.</span> <span class='ocrx_word' id='word_1_7' title='bbox 909 340 1031 368; x_wconf 73' lang='lat'>464.—</span> 
     </span>
    </p>

    <p class='ocr_par' dir='ltr' id='par_1_3' title="bbox 294 377 981 420">
     <span class='ocr_line' id='line_1_3' title="bbox 294 377 981 420; baseline 0.004 -12"><span class='ocrx_word' id='word_1_8' title='bbox 294 377 392 420; x_wconf 88' lang='lat' dir='ltr'>hujus</span> <span class='ocrx_word' id='word_1_9' title='bbox 407 377 564 410; x_wconf 81' lang='lat' dir='ltr'>doctrinae</span> <span class='ocrx_word' id='word_1_10' title='bbox 579 389 649 418; x_wconf 88' lang='lat' dir='ltr'>quae</span> <span class='ocrx_word' id='word_1_11' title='bbox 664 378 798 411; x_wconf 82' lang='lat' dir='ltr'>fuerunt</span> <span class='ocrx_word' id='word_1_12' title='bbox 812 379 887 412; x_wconf 82' lang='lat' dir='ltr'>fata.</span> <span class='ocrx_word' id='word_1_13' title='bbox 902 379 981 412; x_wconf 90' lang='lat' dir='ltr'>ibid.</span> 
     </span>
    </p>

    <p class='ocr_par' dir='ltr' id='par_1_4' title="bbox 253 420 1032 507">
     <span class='ocr_line' id='line_1_4' title="bbox 253 420 1032 472; baseline 0.003 -20"><span class='ocrx_word' id='word_1_14' title='bbox 253 420 598 463; x_wconf 74' lang='lat' dir='ltr'>AumTER—iniquus</span> <span class='ocrx_word' id='word_1_15' title='bbox 617 421 752 464; x_wconf 82' lang='lat' dir='ltr'>judicia,</span> <span class='ocrx_word' id='word_1_16' title='bbox 781 428 815 454; x_wconf 89' lang='lat' dir='ltr'>et</span> <span class='ocrx_word' id='word_1_17' title='bbox 839 433 898 472; x_wconf 86' lang='lat' dir='ltr'>per</span> <span class='ocrx_word' id='word_1_18' title='bbox 919 433 1032 454; x_wconf 88' lang='lat' dir='ltr'>conse-</span> 
     </span>
     <span class='ocr_line' id='line_1_5' title="bbox 298 464 960 507; baseline 0.005 -12"><span class='ocrx_word' id='word_1_19' title='bbox 298 474 439 506; x_wconf 84' lang='lat' dir='ltr'>sequens</span> <span class='ocrx_word' id='word_1_20' title='bbox 454 475 567 507; x_wconf 87' lang='lat' dir='ltr'>pacem</span> <span class='ocrx_word' id='word_1_21' title='bbox 582 464 697 507; x_wconf 84' lang='lat' dir='ltr'>ipsam,</span> <span class='ocrx_word' id='word_1_22' title='bbox 714 466 810 498; x_wconf 89' lang='lat' dir='ltr'>tollit.</span> <span class='ocrx_word' id='word_1_23' title='bbox 826 465 871 498; x_wconf 75' lang='lat' dir='ltr'>iii.</span> <span class='ocrx_word' id='word_1_24' title='bbox 891 470 960 498; x_wconf 88' lang='lat'>119.</span> 
     </span>
    </p>

    <p class='ocr_par' dir='ltr' id='par_1_5' title="bbox 298 509 1034 546">
     <span class='ocr_line' id='line_1_6' title="bbox 298 509 1034 546; baseline 0.004 -9"><span class='ocrx_word' id='word_1_25' title='bbox 298 509 333 538; x_wconf 81' lang='lat' dir='ltr'>de</span> <span class='ocrx_word' id='word_1_26' title='bbox 348 509 461 538; x_wconf 74' lang='lat' dir='ltr'>arbitro</span> <span class='ocrx_word' id='word_1_27' title='bbox 476 510 688 546; x_wconf 69' lang='lat' dir='ltr'>constituendo,</span> <span class='ocrx_word' id='word_1_28' title='bbox 701 509 755 540; x_wconf 91' lang='lat' dir='ltr'>lex</span> <span class='ocrx_word' id='word_1_29' title='bbox 772 515 896 540; x_wconf 81' lang='lat' dir='ltr'>naturae</span> <span class='ocrx_word' id='word_1_30' title='bbox 909 509 1034 540; x_wconf 83' lang='lat' dir='ltr'>decima</span> 
     </span>
    </p>

    <p class='ocr_par' dir='ltr' id='par_1_6' title="bbox 298 550 981 591">
     <span class='ocr_line' id='line_1_7' title="bbox 298 550 981 591; baseline 0.004 -10"><span class='ocrx_word' id='word_1_31' title='bbox 298 552 414 591; x_wconf 78' lang='lat' dir='ltr'>quinta.</span> <span class='ocrx_word' id='word_1_32' title='bbox 430 550 463 583; x_wconf 91' lang='lat' dir='ltr'>ii.</span> <span class='ocrx_word' id='word_1_33' title='bbox 482 555 538 583; x_wconf 95' lang='grc'>191</span> <span class='ocrx_word' id='word_1_34' title='bbox 552 551 727 583; x_wconf 79' lang='lat' dir='ltr'>z—decima</span> <span class='ocrx_word' id='word_1_35' title='bbox 741 558 834 584; x_wconf 74' lang='lat' dir='ltr'>sexta.</span> <span class='ocrx_word' id='word_1_36' title='bbox 846 552 892 584; x_wconf 82' lang='lat' dir='ltr'>iii.</span> <span class='ocrx_word' id='word_1_37' title='bbox 912 557 981 584; x_wconf 88' lang='lat'>120.</span> 
     </span>
    </p>

    <p class='ocr_par' dir='ltr' id='par_1_7' title="bbox 299 593 1034 636">
     <span class='ocr_line' id='line_1_8' title="bbox 299 593 1034 636; baseline 0.004 -12"><span class='ocrx_word' id='word_1_38' title='bbox 299 593 381 624; x_wconf 69' lang='lat' dir='ltr'>debet</span> <span class='ocrx_word' id='word_1_39' title='bbox 395 606 454 625; x_wconf 77' lang='lat' dir='ltr'>esse</span> <span class='ocrx_word' id='word_1_40' title='bbox 473 597 535 626; x_wconf 79' lang='lat' dir='ltr'>sine</span> <span class='ocrx_word' id='word_1_41' title='bbox 557 606 607 635; x_wconf 73' lang='lat' dir='ltr'>epe</span> <span class='ocrx_word' id='word_1_42' title='bbox 625 598 751 636; x_wconf 83' lang='lat' dir='ltr'>praemii,</span> <span class='ocrx_word' id='word_1_43' title='bbox 767 595 821 627; x_wconf 88' lang='lat' dir='ltr'>lex</span> <span class='ocrx_word' id='word_1_44' title='bbox 837 602 962 627; x_wconf 62' lang='lat' dir='ltr'>naturae</span> <span class='ocrx_word' id='word_1_45' title='bbox 978 595 1034 627; x_wconf 88' lang='lat' dir='ltr'>de-</span> 
     </span>
    </p>

    <p class='ocr_par' dir='ltr' id='par_1_8' title="bbox 299 636 1033 679">
     <span class='ocr_line' id='line_1_9' title="bbox 299 636 1033 679; baseline 0.003 -11"><span class='ocrx_word' id='word_1_46' title='bbox 299 636 386 668; x_wconf 86' lang='lat' dir='ltr'>cima</span> <span class='ocrx_word' id='word_1_47' title='bbox 399 639 533 679; x_wconf 78' lang='lat' dir='ltr'>septima.</span> <span class='ocrx_word' id='word_1_48' title='bbox 544 637 581 669; x_wconf 88' lang='lat' dir='ltr'>ii.</span> <span class='ocrx_word' id='word_1_49' title='bbox 601 638 849 671; x_wconf 79' lang='lat' dir='ltr'>192z—decima</span> <span class='ocrx_word' id='word_1_50' title='bbox 857 645 971 670; x_wconf 84' lang='lat' dir='ltr'>octava.</span> <span class='ocrx_word' id='word_1_51' title='bbox 988 639 1033 670; x_wconf 86' lang='lat' dir='ltr'>iii.</span> 
     </span>
    </p>

    <p class='ocr_par' dir='ltr' id='par_1_9' title="bbox 301 725 1035 766">
     <span class='ocr_line' id='line_1_10' title="bbox 301 725 1035 766; baseline 0.003 -12"><span class='ocrx_word' id='word_1_52' title='bbox 301 735 367 754; x_wconf 81' lang='lat' dir='ltr'>cum</span> <span class='ocrx_word' id='word_1_53' title='bbox 394 725 443 755; x_wconf 84' lang='lat' dir='ltr'>illo</span> <span class='ocrx_word' id='word_1_54' title='bbox 471 726 584 755; x_wconf 79' lang='lat' dir='ltr'>nullum</span> <span class='ocrx_word' id='word_1_55' title='bbox 603 730 728 766; x_wconf 79' lang='lat' dir='ltr'>pactum</span> <span class='ocrx_word' id='word_1_56' title='bbox 744 727 819 766; x_wconf 82' lang='lat' dir='ltr'>fiat,</span> <span class='ocrx_word' id='word_1_57' title='bbox 841 725 895 757; x_wconf 89' lang='lat' dir='ltr'>lex</span> <span class='ocrx_word' id='word_1_58' title='bbox 910 731 1035 757; x_wconf 78' lang='lat' dir='ltr'>naturae</span> 
     </span>
    </p>

    <p class='ocr_par' dir='ltr' id='par_1_10' title="bbox 301 766 677 800">
     <span class='ocr_line' id='line_1_11' title="bbox 301 766 677 800; baseline 0.005 -2"><span class='ocrx_word' id='word_1_59' title='bbox 301 766 429 799; x_wconf 86' lang='lat' dir='ltr'>decima</span> <span class='ocrx_word' id='word_1_60' title='bbox 443 778 538 800; x_wconf 81' lang='lat' dir='ltr'>nona.</span> <span class='ocrx_word' id='word_1_61' title='bbox 553 767 587 799; x_wconf 91' lang='lat' dir='ltr'>ii.</span> <span class='ocrx_word' id='word_1_62' title='bbox 608 772 677 800; x_wconf 85' lang='lat'>193.</span> 
     </span>
    </p>

    <p class='ocr_par' dir='ltr' id='par_1_11' title="bbox 259 810 1036 850">
     <span class='ocr_line' id='line_1_12' title="bbox 259 810 1036 850; baseline -0.003 -6"><span class='ocrx_word' id='word_1_63' title='bbox 259 810 672 850; x_wconf 78' lang='lat' dir='ltr'>ARBITRIUM—liberum,</span> <span class='ocrx_word' id='word_1_64' title='bbox 688 822 753 843; x_wconf 91' lang='lat' dir='ltr'>non</span> <span class='ocrx_word' id='word_1_65' title='bbox 769 811 956 850; x_wconf 87' lang='lat' dir='ltr'>voluntatis,</span> <span class='ocrx_word' id='word_1_66' title='bbox 981 811 1036 843; x_wconf 88' lang='lat' dir='ltr'>sed</span> 
     </span>
    </p>

    <p class='ocr_par' dir='ltr' id='par_1_12' title="bbox 302 853 1038 897">
     <span class='ocr_line' id='line_1_13' title="bbox 302 853 1038 897; baseline 0.004 -13"><span class='ocrx_word' id='word_1_67' title='bbox 302 853 441 886; x_wconf 89' lang='lat' dir='ltr'>volentis</span> <span class='ocrx_word' id='word_1_68' title='bbox 479 853 614 886; x_wconf 78' lang='lat' dir='ltr'>libertas</span> <span class='ocrx_word' id='word_1_69' title='bbox 649 861 707 886; x_wconf 86' lang='lat' dir='ltr'>est.</span> <span class='ocrx_word' id='word_1_70' title='bbox 737 854 784 886; x_wconf 89' lang='lat' dir='ltr'>iii.</span> <span class='ocrx_word' id='word_1_71' title='bbox 805 859 863 887; x_wconf 88' lang='grc'>160</span> <span class='ocrx_word' id='word_1_72' title='bbox 880 866 1038 897; x_wconf 76' lang='lat' dir='ltr'>:—quaes-</span> 
     </span>
    </p>

    <p class='ocr_par' dir='ltr' id='par_1_13' title="bbox 301 896 1039 984">
     <span class='ocr_line' id='line_1_14' title="bbox 302 896 1039 940; baseline 0.001 -12"><span class='ocrx_word' id='word_1_73' title='bbox 302 896 408 929; x_wconf 89' lang='lat' dir='ltr'>tiones</span> <span class='ocrx_word' id='word_1_74' title='bbox 435 896 476 929; x_wconf 91' lang='lat' dir='ltr'>de</span> <span class='ocrx_word' id='word_1_75' title='bbox 500 907 548 935; x_wconf 85' lang='lat' dir='ltr'>cO,</span> <span class='ocrx_word' id='word_1_76' title='bbox 564 897 605 929; x_wconf 87' lang='lat' dir='ltr'>de</span> <span class='ocrx_word' id='word_1_77' title='bbox 625 897 871 940; x_wconf 78' lang='lat' dir='ltr'>justificatione,</span> <span class='ocrx_word' id='word_1_78' title='bbox 887 898 927 930; x_wconf 89' lang='lat' dir='ltr'>de</span> <span class='ocrx_word' id='word_1_79' title='bbox 943 898 1039 929; x_wconf 87' lang='lat' dir='ltr'>modo</span> 
     </span>
     <span class='ocr_line' id='line_1_15' title="bbox 301 940 1039 984; baseline 0 -12"><span class='ocrx_word' id='word_1_80' title='bbox 301 940 483 983; x_wconf 89' lang='lat' dir='ltr'>recipiendi</span> <span class='ocrx_word' id='word_1_81' title='bbox 499 940 668 973; x_wconf 85' lang='lat' dir='ltr'>Christum</span> <span class='ocrx_word' id='word_1_82' title='bbox 684 941 718 972; x_wconf 92' lang='lat' dir='ltr'>in</span> <span class='ocrx_word' id='word_1_83' title='bbox 738 947 951 980; x_wconf 82' lang='lat' dir='ltr'>sacramento,</span> <span class='ocrx_word' id='word_1_84' title='bbox 966 941 1039 984; x_wconf 89' lang='lat' dir='ltr'>phi-</span> 
     </span>
    </p>

    <p class='ocr_par' dir='ltr' id='par_1_14' title="bbox 301 981 721 1026">
     <span class='ocr_line' id='line_1_16' title="bbox 301 981 721 1026; baseline 0.002 -11"><span class='ocrx_word' id='word_1_85' title='bbox 301 981 480 1026; x_wconf 85' lang='lat' dir='ltr'>losophicae</span> <span class='ocrx_word' id='word_1_86' title='bbox 496 990 581 1016; x_wconf 90' lang='lat' dir='ltr'>sunt.</span> <span class='ocrx_word' id='word_1_87' title='bbox 597 983 630 1015; x_wconf 91' lang='lat' dir='ltr'>ii.</span> <span class='ocrx_word' id='word_1_88' title='bbox 648 988 721 1016; x_wconf 89' lang='lat'>432.</span> 
     </span>
    </p>

    <p class='ocr_par' dir='ltr' id='par_1_15' title="bbox 303 1027 1040 1070">
     <span class='ocr_line' id='line_1_17' title="bbox 303 1027 1040 1070; baseline 0.001 -12"><span class='ocrx_word' id='word_1_89' title='bbox 303 1037 342 1058; x_wconf 91' lang='lat' dir='ltr'>eo</span> <span class='ocrx_word' id='word_1_90' title='bbox 371 1033 491 1070; x_wconf 81' lang='lat' dir='ltr'>negato</span> <span class='ocrx_word' id='word_1_91' title='bbox 510 1027 668 1069; x_wconf 88' lang='lat' dir='ltr'>sequitur,</span> <span class='ocrx_word' id='word_1_92' title='bbox 687 1029 785 1070; x_wconf 88' lang='lat' dir='ltr'>juxta</span> <span class='ocrx_word' id='word_1_93' title='bbox 811 1027 1040 1066; x_wconf 86' lang='lat' dir='ltr'>Scholasticos,</span> 
     </span>
    </p>

    <p class='ocr_par' dir='ltr' id='par_1_16' title="bbox 304 1070 988 1113">
     <span class='ocr_line' id='line_1_18' title="bbox 304 1070 988 1113; baseline 0.001 -11"><span class='ocrx_word' id='word_1_94' title='bbox 304 1071 413 1102; x_wconf 90' lang='lat' dir='ltr'>Deum</span> <span class='ocrx_word' id='word_1_95' title='bbox 429 1081 500 1102; x_wconf 86' lang='lat' dir='ltr'>esse</span> <span class='ocrx_word' id='word_1_96' title='bbox 515 1070 641 1113; x_wconf 86' lang='lat' dir='ltr'>peccati</span> <span class='ocrx_word' id='word_1_97' title='bbox 656 1070 837 1103; x_wconf 84' lang='lat' dir='ltr'>authorem.</span> <span class='ocrx_word' id='word_1_98' title='bbox 853 1071 900 1103; x_wconf 89' lang='lat' dir='ltr'>iii.</span> <span class='ocrx_word' id='word_1_99' title='bbox 917 1075 988 1103; x_wconf 88' lang='lat'>501.</span> 
     </span>
    </p>

    <p class='ocr_par' dir='ltr' id='par_1_17' title="bbox 304 1113 1039 1157">
     <span class='ocr_line' id='line_1_19' title="bbox 304 1113 1039 1157; baseline 0.003 -12"><span class='ocrx_word' id='word_1_100' title='bbox 304 1119 355 1145; x_wconf 87' lang='lat' dir='ltr'>est</span> <span class='ocrx_word' id='word_1_101' title='bbox 377 1119 492 1146; x_wconf 89' lang='lat' dir='ltr'>contra</span> <span class='ocrx_word' id='word_1_102' title='bbox 516 1113 703 1157; x_wconf 85' lang='lat' dir='ltr'>opinionem</span> <span class='ocrx_word' id='word_1_103' title='bbox 724 1114 990 1147; x_wconf 80' lang='lat' dir='ltr'>Calvinistarum.</span> <span class='ocrx_word' id='word_1_104' title='bbox 1011 1126 1039 1147; x_wconf 90' lang='lat' dir='ltr'>v.</span> 
     </span>
    </p>

    <p class='ocr_par' dir='ltr' id='par_1_18' title="bbox 259 1199 1041 1243">
     <span class='ocr_line' id='line_1_20' title="bbox 259 1199 1041 1243; baseline 0.001 -11"><span class='ocrx_word' id='word_1_105' title='bbox 259 1199 620 1242; x_wconf 68' lang='lat' dir='ltr'>Ancnmnnns-ejus</span> <span class='ocrx_word' id='word_1_106' title='bbox 635 1199 796 1232; x_wconf 83' lang='lat' dir='ltr'>dimensio</span> <span class='ocrx_word' id='word_1_107' title='bbox 814 1199 930 1232; x_wconf 87' lang='lat' dir='ltr'>circuli</span> <span class='ocrx_word' id='word_1_108' title='bbox 948 1201 1041 1243; x_wconf 85' lang='lat' dir='ltr'>justo</span> 
     </span>
    </p>

    <p class='ocr_par' dir='ltr' id='par_1_19' title="bbox 305 1243 614 1276">
     <span class='ocr_line' id='line_1_21' title="bbox 305 1243 614 1276; baseline -0.006 0"><span class='ocrx_word' id='word_1_109' title='bbox 305 1244 414 1276; x_wconf 86' lang='lat' dir='ltr'>minor</span> <span class='ocrx_word' id='word_1_110' title='bbox 428 1249 487 1275; x_wconf 92' lang='lat' dir='ltr'>est.</span> <span class='ocrx_word' id='word_1_111' title='bbox 503 1243 526 1276; x_wconf 90' lang='lat' dir='ltr'>i.</span> <span class='ocrx_word' id='word_1_112' title='bbox 541 1247 614 1275; x_wconf 81' lang='lat'>245.</span> 
     </span>
    </p>

    <p class='ocr_par' dir='ltr' id='par_1_20' title="bbox 306 1286 1043 1542">
     <span class='ocr_line' id='line_1_22' title="bbox 307 1286 1040 1330; baseline 0 -12"><span class='ocrx_word' id='word_1_113' title='bbox 307 1297 372 1328; x_wconf 84' lang='lat' dir='ltr'>qua</span> <span class='ocrx_word' id='word_1_114' title='bbox 393 1286 548 1318; x_wconf 87' lang='lat' dir='ltr'>methodo</span> <span class='ocrx_word' id='word_1_115' title='bbox 573 1297 652 1318; x_wconf 88' lang='lat' dir='ltr'>usus</span> <span class='ocrx_word' id='word_1_116' title='bbox 674 1292 725 1319; x_wconf 91' lang='lat' dir='ltr'>est</span> <span class='ocrx_word' id='word_1_117' title='bbox 749 1286 785 1318; x_wconf 92' lang='lat' dir='ltr'>in</span> <span class='ocrx_word' id='word_1_118' title='bbox 808 1286 994 1330; x_wconf 73' lang='lat' dir='ltr'>spiralibus.</span> <span class='ocrx_word' id='word_1_119' title='bbox 1018 1286 1040 1319; x_wconf 90' lang='lat' dir='ltr'>i.</span> 
     </span>
     <span class='ocr_line' id='line_1_23' title="bbox 306 1329 1041 1372; baseline 0.001 -11"><span class='ocrx_word' id='word_1_120' title='bbox 306 1329 514 1372; x_wconf 73' lang='lat' dir='ltr'>2542—quid</span> <span class='ocrx_word' id='word_1_121' title='bbox 543 1329 622 1362; x_wconf 87' lang='lat' dir='ltr'>fecit</span> <span class='ocrx_word' id='word_1_122' title='bbox 650 1330 686 1361; x_wconf 91' lang='lat' dir='ltr'>in</span> <span class='ocrx_word' id='word_1_123' title='bbox 715 1330 914 1372; x_wconf 77' lang='lat' dir='ltr'><strong>quadratura</strong></span> <span class='ocrx_word' id='word_1_124' title='bbox 971 1341 1041 1362; x_wconf 87' lang='lat' dir='ltr'>ara-</span> 
     </span>
     <span class='ocr_line' id='line_1_24' title="bbox 306 1373 1043 1415; baseline 0.003 -11"><span class='ocrx_word' id='word_1_125' title='bbox 306 1373 401 1405; x_wconf 89' lang='lat' dir='ltr'>bolae.</span> <span class='ocrx_word' id='word_1_126' title='bbox 417 1373 542 1405; x_wconf 88' lang='lat' dir='ltr'>ibid:-—</span> <span class='ocrx_word' id='word_1_127' title='bbox 570 1384 606 1405; x_wconf 89' lang='lat' dir='ltr'>ro</span> <span class='ocrx_word' id='word_1_128' title='bbox 631 1373 792 1406; x_wconf 82' lang='lat' dir='ltr'>ortionem</span> <span class='ocrx_word' id='word_1_129' title='bbox 819 1384 917 1415; x_wconf 84' lang='lat' dir='ltr'>quam</span> <span class='ocrx_word' id='word_1_130' title='bbox 967 1374 1043 1406; x_wconf 85' lang='lat' dir='ltr'>abet</span> 
     </span>
     <span class='ocr_line' id='line_1_25' title="bbox 307 1415 1040 1460; baseline 0.001 -12"><span class='ocrx_word' id='word_1_131' title='bbox 307 1416 439 1458; x_wconf 86' lang='lat' dir='ltr'>sphaera</span> <span class='ocrx_word' id='word_1_132' title='bbox 453 1415 495 1448; x_wconf 83' lang='lat' dir='ltr'>ad</span> <span class='ocrx_word' id='word_1_133' title='bbox 509 1428 549 1460; x_wconf 86' lang='lat' dir='ltr'>cy</span> <span class='ocrx_word' id='word_1_134' title='bbox 564 1416 597 1448; x_wconf 92' lang='lat' dir='ltr'>in</span> <span class='ocrx_word' id='word_1_135' title='bbox 623 1427 696 1448; x_wconf 90' lang='lat' dir='ltr'>rum</span> <span class='ocrx_word' id='word_1_136' title='bbox 719 1416 854 1449; x_wconf 89' lang='lat' dir='ltr'>invenit.</span> <span class='ocrx_word' id='word_1_137' title='bbox 870 1417 904 1449; x_wconf 86' lang='lat' dir='ltr'>ii.</span> <span class='ocrx_word' id='word_1_138' title='bbox 921 1421 994 1456; x_wconf 85' lang='lat'>326,</span> <span class='ocrx_word' id='word_1_139' title='bbox 1009 1428 1040 1449; x_wconf 91' lang='lat' dir='ltr'>n.</span> 
     </span>
     <span class='ocr_line' id='line_1_26' title="bbox 307 1459 1043 1502; baseline 0.001 -11"><span class='ocrx_word' id='word_1_140' title='bbox 307 1459 479 1491; x_wconf 83' lang='lat' dir='ltr'>commoda</span> <span class='ocrx_word' id='word_1_141' title='bbox 503 1471 577 1502; x_wconf 83' lang='lat' dir='ltr'>quae</span> <span class='ocrx_word' id='word_1_142' title='bbox 601 1471 621 1492; x_wconf 85' lang='lat' dir='ltr'>a</span> <span class='ocrx_word' id='word_1_143' title='bbox 645 1459 784 1502; x_wconf 82' lang='lat' dir='ltr'>physica</span> <span class='ocrx_word' id='word_1_144' title='bbox 809 1466 842 1492; x_wconf 89' lang='lat' dir='ltr'>et</span> <span class='ocrx_word' id='word_1_145' title='bbox 864 1460 1043 1500; x_wconf 71' lang='lat' dir='ltr'>geometria</span> 
     </span>
     <span class='ocr_line' id='line_1_27' title="bbox 307 1503 988 1542; baseline 0.003 -8"><span class='ocrx_word' id='word_1_146' title='bbox 307 1503 467 1535; x_wconf 85' lang='lat' dir='ltr'>habemus</span> <span class='ocrx_word' id='word_1_147' title='bbox 482 1503 590 1542; x_wconf 91' lang='lat' dir='ltr'>hodie,</span> <span class='ocrx_word' id='word_1_148' title='bbox 605 1503 656 1534; x_wconf 88' lang='lat' dir='ltr'>illi</span> <span class='ocrx_word' id='word_1_149' title='bbox 672 1503 839 1535; x_wconf 84' lang='lat' dir='ltr'>debemus.</span> <span class='ocrx_word' id='word_1_150' title='bbox 854 1503 902 1536; x_wconf 86' lang='lat' dir='ltr'>iii.</span> <span class='ocrx_word' id='word_1_151' title='bbox 915 1507 988 1536; x_wconf 86' lang='lat'>491.</span> 
     </span>
    </p>

    <p class='ocr_par' dir='ltr' id='par_1_21' title="bbox 306 1544 1047 1987">
     <span class='ocr_line' id='line_1_28' title="bbox 306 1544 1044 1590; baseline 0.001 -12"><span class='ocrx_word' id='word_1_152' title='bbox 306 1544 336 1578; x_wconf 87' lang='lat' dir='ltr'>is</span> <span class='ocrx_word' id='word_1_153' title='bbox 366 1552 400 1578; x_wconf 83' lang='lat' dir='ltr'>et</span> <span class='ocrx_word' id='word_1_154' title='bbox 424 1546 480 1578; x_wconf 78' lang='lat' dir='ltr'>alii</span> <span class='ocrx_word' id='word_1_155' title='bbox 499 1553 676 1588; x_wconf 72' lang='lat' dir='ltr'>geometrae</span> <span class='ocrx_word' id='word_1_156' title='bbox 698 1557 764 1578; x_wconf 91' lang='lat' dir='ltr'>non</span> <span class='ocrx_word' id='word_1_157' title='bbox 787 1547 893 1589; x_wconf 85' lang='lat' dir='ltr'>pauci,</span> <span class='ocrx_word' id='word_1_158' title='bbox 915 1554 1044 1590; x_wconf 87' lang='lat' dir='ltr'>tempus</span> 
     </span>
     <span class='ocr_line' id='line_1_29' title="bbox 308 1590 1000 1632; baseline 0.003 -11"><span class='ocrx_word' id='word_1_159' title='bbox 308 1600 475 1632; x_wconf 85' lang='lat' dir='ltr'>exponere</span> <span class='ocrx_word' id='word_1_160' title='bbox 490 1590 636 1622; x_wconf 86' lang='lat' dir='ltr'>volentes</span> <span class='ocrx_word' id='word_1_161' title='bbox 652 1590 733 1632; x_wconf 89' lang='lat' dir='ltr'>quid</span> <span class='ocrx_word' id='word_1_162' title='bbox 748 1590 870 1622; x_wconf 89' lang='lat' dir='ltr'>dicunt.</span> <span class='ocrx_word' id='word_1_163' title='bbox 891 1590 933 1623; x_wconf 86' lang='lat' dir='ltr'>iv.</span> <span class='ocrx_word' id='word_1_164' title='bbox 950 1593 1000 1624; x_wconf 89' lang='grc'>75.</span> 
     </span>
     <span class='ocr_line' id='line_1_30' title="bbox 308 1633 1044 1676; baseline 0.003 -12"><span class='ocrx_word' id='word_1_165' title='bbox 308 1639 424 1665; x_wconf 83' lang='lat' dir='ltr'>contra.</span> <span class='ocrx_word' id='word_1_166' title='bbox 450 1644 526 1665; x_wconf 92' lang='lat' dir='ltr'>eum</span> <span class='ocrx_word' id='word_1_167' title='bbox 548 1633 629 1676; x_wconf 91' lang='lat' dir='ltr'>quid</span> <span class='ocrx_word' id='word_1_168' title='bbox 651 1633 790 1666; x_wconf 84' lang='lat' dir='ltr'>deduxit</span> <span class='ocrx_word' id='word_1_169' title='bbox 813 1634 975 1666; x_wconf 85' lang='lat' dir='ltr'>Hobbius.</span> <span class='ocrx_word' id='word_1_170' title='bbox 1001 1634 1044 1666; x_wconf 90' lang='lat' dir='ltr'>iv.</span> 
     </span>
     <span class='ocr_line' id='line_1_31' title="bbox 309 1719 1045 1770; baseline 0.001 -19"><span class='ocrx_word' id='word_1_171' title='bbox 309 1719 555 1759; x_wconf 82' lang='lat' dir='ltr'>demonstravit,</span> <span class='ocrx_word' id='word_1_172' title='bbox 578 1720 667 1762; x_wconf 88' lang='lat' dir='ltr'>quod</span> <span class='ocrx_word' id='word_1_173' title='bbox 687 1731 826 1770; x_wconf 84' lang='lat' dir='ltr'>corpora</span> <span class='ocrx_word' id='word_1_174' title='bbox 847 1720 957 1752; x_wconf 85' lang='lat' dir='ltr'>omnia</span> <span class='ocrx_word' id='word_1_175' title='bbox 971 1731 1045 1763; x_wconf 82' lang='lat' dir='ltr'>quae</span> 
     </span>
     <span class='ocr_line' id='line_1_32' title="bbox 308 1763 1045 1805; baseline 0.001 -11"><span class='ocrx_word' id='word_1_176' title='bbox 308 1763 396 1795; x_wconf 87' lang='lat' dir='ltr'>mole</span> <span class='ocrx_word' id='word_1_177' title='bbox 409 1763 549 1805; x_wconf 70' lang='lat' dir='ltr'>aequalia</span> <span class='ocrx_word' id='word_1_178' title='bbox 563 1774 648 1805; x_wconf 85' lang='lat' dir='ltr'>aqua</span> <span class='ocrx_word' id='word_1_179' title='bbox 662 1774 816 1805; x_wconf 80' lang='lat' dir='ltr'>gravmra</span> <span class='ocrx_word' id='word_1_180' title='bbox 830 1769 915 1803; x_wconf 89' lang='lat' dir='ltr'>sunt,</span> <span class='ocrx_word' id='word_1_181' title='bbox 939 1764 1045 1795; x_wconf 90' lang='lat' dir='ltr'>subsi-</span> 
     </span>
     <span class='ocr_line' id='line_1_33' title="bbox 310 1805 1043 1848; baseline 0.003 -11"><span class='ocrx_word' id='word_1_182' title='bbox 310 1805 403 1845; x_wconf 86' lang='lat' dir='ltr'>dunt,</span> <span class='ocrx_word' id='word_1_183' title='bbox 416 1812 449 1838; x_wconf 87' lang='lat' dir='ltr'>et</span> <span class='ocrx_word' id='word_1_184' title='bbox 464 1818 538 1848; x_wconf 81' lang='lat' dir='ltr'>quae</span> <span class='ocrx_word' id='word_1_185' title='bbox 551 1806 684 1845; x_wconf 78' lang='lat' dir='ltr'>leviora,</span> <span class='ocrx_word' id='word_1_186' title='bbox 694 1807 850 1839; x_wconf 80' lang='lat' dir='ltr'>eminent.</span> <span class='ocrx_word' id='word_1_187' title='bbox 864 1806 906 1839; x_wconf 90' lang='lat' dir='ltr'>iv.</span> <span class='ocrx_word' id='word_1_188' title='bbox 923 1811 1043 1840; x_wconf 86' lang='lat'>280:—</span> 
     </span>
     <span class='ocr_line' id='line_1_34' title="bbox 310 1850 1047 1892; baseline 0.003 -12"><span class='ocrx_word' id='word_1_189' title='bbox 310 1860 385 1891; x_wconf 82' lang='lat' dir='ltr'>quae</span> <span class='ocrx_word' id='word_1_190' title='bbox 415 1856 524 1882; x_wconf 85' lang='lat' dir='ltr'>autem</span> <span class='ocrx_word' id='word_1_191' title='bbox 554 1850 673 1892; x_wconf 80' lang='lat' dir='ltr'>aequuli</span> <span class='ocrx_word' id='word_1_192' title='bbox 694 1850 855 1892; x_wconf 83' lang='lat' dir='ltr'>gravitate</span> <span class='ocrx_word' id='word_1_193' title='bbox 886 1857 972 1890; x_wconf 81' lang='lat' dir='ltr'>sunt,</span> <span class='ocrx_word' id='word_1_194' title='bbox 1000 1850 1047 1882; x_wconf 89' lang='lat' dir='ltr'>ita</span> 
     </span>
     <span class='ocr_line' id='line_1_35' title="bbox 309 1893 1046 1936; baseline 0.003 -12"><span class='ocrx_word' id='word_1_195' title='bbox 309 1898 425 1925; x_wconf 81' lang='lat' dir='ltr'>natant.</span> <span class='ocrx_word' id='word_1_196' title='bbox 439 1899 476 1925; x_wconf 91' lang='lat' dir='ltr'>ut</span> <span class='ocrx_word' id='word_1_197' title='bbox 491 1904 618 1925; x_wconf 82' lang='lat' dir='ltr'>summa</span> <span class='ocrx_word' id='word_1_198' title='bbox 641 1905 754 1925; x_wconf 86' lang='lat' dir='ltr'>eorum</span> <span class='ocrx_word' id='word_1_199' title='bbox 777 1893 965 1936; x_wconf 84' lang='lat' dir='ltr'>superficies</span> <span class='ocrx_word' id='word_1_200' title='bbox 979 1893 1046 1926; x_wconf 88' lang='lat' dir='ltr'>col-</span> 
     </span>
     <span class='ocr_line' id='line_1_36' title="bbox 309 1935 926 1987; baseline 0.003 -20"><span class='ocrx_word' id='word_1_201' title='bbox 309 1935 417 1968; x_wconf 80' lang='lat' dir='ltr'>locata</span> <span class='ocrx_word' id='word_1_202' title='bbox 431 1935 474 1968; x_wconf 85' lang='lat' dir='ltr'>sit</span> <span class='ocrx_word' id='word_1_203' title='bbox 489 1937 524 1968; x_wconf 90' lang='lat' dir='ltr'>in</span> <span class='ocrx_word' id='word_1_204' title='bbox 540 1937 712 1978; x_wconf 86' lang='lat' dir='ltr'>superficie</span> <span class='ocrx_word' id='word_1_205' title='bbox 727 1948 832 1987; x_wconf 85' lang='lat' dir='ltr'>aquae.</span> <span class='ocrx_word' id='word_1_206' title='bbox 848 1937 926 1969; x_wconf 88' lang='lat' dir='ltr'>ibid.</span> 
     </span>
    </p>

    <p class='ocr_par' dir='ltr' id='par_1_22' title="bbox 308 1979 1046 2142">
     <span class='ocr_line' id='line_1_37' title="bbox 310 1979 1046 2022; baseline 0.003 -12"><span class='ocrx_word' id='word_1_207' title='bbox 310 1985 388 2011; x_wconf 79' lang='lat' dir='ltr'>ante</span> <span class='ocrx_word' id='word_1_208' title='bbox 411 1979 505 2011; x_wconf 90' lang='lat' dir='ltr'>illum</span> <span class='ocrx_word' id='word_1_209' title='bbox 527 1990 623 2012; x_wconf 88' lang='lat' dir='ltr'>nemo</span> <span class='ocrx_word' id='word_1_210' title='bbox 646 1986 785 2012; x_wconf 69' lang='lat' dir='ltr'>tentant</span> <span class='ocrx_word' id='word_1_211' title='bbox 806 1979 1046 2022; x_wconf 84' lang='lat' dir='ltr'>longitudinem</span> 
     </span>
     <span class='ocr_line' id='line_1_38' title="bbox 308 2021 1046 2065; baseline 0.001 -11"><span class='ocrx_word' id='word_1_212' title='bbox 308 2021 407 2055; x_wconf 87' lang='lat' dir='ltr'>lineae</span> <span class='ocrx_word' id='word_1_213' title='bbox 432 2033 492 2065; x_wconf 89' lang='lat' dir='ltr'>per</span> <span class='ocrx_word' id='word_1_214' title='bbox 520 2023 781 2064; x_wconf 76' lang='lat' dir='ltr'>magnitudinem</span> <span class='ocrx_word' id='word_1_215' title='bbox 810 2023 961 2065; x_wconf 79' lang='lat' dir='ltr'>quadrati</span> <span class='ocrx_word' id='word_1_216' title='bbox 989 2024 1046 2055; x_wconf 90' lang='lat' dir='ltr'>de-</span> 
     </span>
     <span class='ocr_line' id='line_1_39' title="bbox 310 2066 1046 2100; baseline 0.003 -3"><span class='ocrx_word' id='word_1_217' title='bbox 310 2072 504 2098; x_wconf 87' lang='lat' dir='ltr'>monstrare.</span> <span class='ocrx_word' id='word_1_218' title='bbox 518 2077 547 2099; x_wconf 87' lang='lat' dir='ltr'>v.</span> <span class='ocrx_word' id='word_1_219' title='bbox 567 2070 608 2099; x_wconf 86' lang='lat'>35</span> <span class='ocrx_word' id='word_1_220' title='bbox 617 2078 730 2099; x_wconf 80' lang='lat' dir='ltr'>:——nec</span> <span class='ocrx_word' id='word_1_221' title='bbox 743 2066 979 2100; x_wconf 82' lang='lat' dir='ltr'>demonstravit</span> <span class='ocrx_word' id='word_1_222' title='bbox 993 2078 1046 2099; x_wconf 86' lang='lat' dir='ltr'>ac-</span> 
     </span>
     <span class='ocr_line' id='line_1_40' title="bbox 310 2109 528 2142; baseline 0.005 -1"><span class='ocrx_word' id='word_1_223' title='bbox 310 2114 433 2141; x_wconf 83' lang='lat' dir='ltr'>curate.</span> <span class='ocrx_word' id='word_1_224' title='bbox 449 2109 528 2142; x_wconf 87' lang='lat' dir='ltr'>ibid.</span> 
     </span>
    </p>

    <p class='ocr_par' dir='ltr' id='par_1_23' title="bbox 311 2152 896 2193">
     <span class='ocr_line' id='line_1_41' title="bbox 311 2152 896 2193; baseline 0.003 -9"><span class='ocrx_word' id='word_1_225' title='bbox 311 2152 384 2193; x_wconf 70' lang='lat' dir='ltr'>eius</span> <span class='ocrx_word' id='word_1_226' title='bbox 399 2152 547 2184; x_wconf 84' lang='lat' dir='ltr'>definitio</span> <span class='ocrx_word' id='word_1_227' title='bbox 562 2154 644 2184; x_wconf 82' lang='lat' dir='ltr'>lineae</span> <span class='ocrx_word' id='word_1_228' title='bbox 658 2159 751 2185; x_wconf 82' lang='lat' dir='ltr'>rectae.</span> <span class='ocrx_word' id='word_1_229' title='bbox 765 2152 808 2185; x_wconf 84' lang='lat' dir='ltr'>iV.</span> <span class='ocrx_word' id='word_1_230' title='bbox 824 2157 896 2186; x_wconf 84' lang='lat'>395.</span> 
     </span>
    </p>

    <p class='ocr_par' dir='ltr' id='par_1_24' title="bbox 310 2185 1047 2364">
     <span class='ocr_line' id='line_1_42' title="bbox 310 2185 1046 2238; baseline 0.001 -11"><span class='ocrx_word' id='word_1_231' title='bbox 310 2185 396 2227; x_wconf 77' lang='lat' dir='ltr'>liber</span> <span class='ocrx_word' id='word_1_232' title='bbox 419 2195 490 2238; x_wconf 80' lang='lat' dir='ltr'>ejus</span> <span class='ocrx_word' id='word_1_233' title='bbox 505 2197 556 2227; x_wconf 87' lang='lat' dir='ltr'>De</span> <span class='ocrx_word' id='word_1_234' title='bbox 576 2198 768 2228; x_wconf 80' lang='lat' dir='ltr'>Dimensione</span> <span class='ocrx_word' id='word_1_235' title='bbox 791 2198 903 2228; x_wconf 78' lang='lat' dir='ltr'>circuli</span> <span class='ocrx_word' id='word_1_236' title='bbox 916 2207 982 2229; x_wconf 88' lang='lat' dir='ltr'>non</span> <span class='ocrx_word' id='word_1_237' title='bbox 998 2196 1046 2228; x_wconf 87' lang='lat' dir='ltr'>vi-</span> 
     </span>
     <span class='ocr_line' id='line_1_43' title="bbox 311 2238 1047 2281; baseline 0.003 -11"><span class='ocrx_word' id='word_1_238' title='bbox 311 2239 408 2271; x_wconf 86' lang='lat' dir='ltr'>detur</span> <span class='ocrx_word' id='word_1_239' title='bbox 430 2239 471 2271; x_wconf 90' lang='lat' dir='ltr'>ab</span> <span class='ocrx_word' id='word_1_240' title='bbox 496 2238 507 2270; x_wconf 91' lang='lat' dir='ltr'>i</span> <span class='ocrx_word' id='word_1_241' title='bbox 532 2250 568 2270; x_wconf 89' lang='lat' dir='ltr'>so</span> <span class='ocrx_word' id='word_1_242' title='bbox 594 2239 710 2278; x_wconf 84' lang='lat' dir='ltr'>editus,</span> <span class='ocrx_word' id='word_1_243' title='bbox 734 2250 844 2281; x_wconf 90' lang='lat' dir='ltr'>quare.</span> <span class='ocrx_word' id='word_1_244' title='bbox 864 2239 905 2272; x_wconf 89' lang='lat' dir='ltr'>iv.</span> <span class='ocrx_word' id='word_1_245' title='bbox 922 2244 985 2272; x_wconf 87' lang='lat'>463</span> <span class='ocrx_word' id='word_1_246' title='bbox 995 2253 1047 2272; x_wconf 89' lang='lat'>:—</span> 
     </span>
     <span class='ocr_line' id='line_1_44' title="bbox 311 2280 1040 2325; baseline 0.001 -11"><span class='ocrx_word' id='word_1_247' title='bbox 311 2280 395 2314; x_wconf 86' lang='lat' dir='ltr'>nihil</span> <span class='ocrx_word' id='word_1_248' title='bbox 422 2282 463 2314; x_wconf 85' lang='lat' dir='ltr'>ab</span> <span class='ocrx_word' id='word_1_249' title='bbox 485 2282 506 2313; x_wconf 90' lang='lat' dir='ltr'>il</span> <span class='ocrx_word' id='word_1_250' title='bbox 522 2293 541 2314; x_wconf 94' lang='lat' dir='ltr'>o</span> <span class='ocrx_word' id='word_1_251' title='bbox 566 2282 691 2314; x_wconf 89' lang='lat' dir='ltr'>editum</span> <span class='ocrx_word' id='word_1_252' title='bbox 713 2283 802 2325; x_wconf 89' lang='lat' dir='ltr'>quod</span> <span class='ocrx_word' id='word_1_253' title='bbox 823 2293 889 2316; x_wconf 90' lang='lat' dir='ltr'>non</span> <span class='ocrx_word' id='word_1_254' title='bbox 911 2283 1040 2316; x_wconf 84' lang='lat' dir='ltr'>laudan·</span> 
     </span>
     <span class='ocr_line' id='line_1_45' title="bbox 313 2324 547 2364; baseline 0 -7"><span class='ocrx_word' id='word_1_255' title='bbox 313 2324 401 2357; x_wconf 86' lang='lat' dir='ltr'>dum.</span> <span class='ocrx_word' id='word_1_256' title='bbox 417 2324 459 2364; x_wconf 86' lang='lat' dir='ltr'>iv,</span> <span class='ocrx_word' id='word_1_257' title='bbox 475 2330 547 2358; x_wconf 89' lang='lat'>465.</span> 
     </span>
    </p>

    <p class='ocr_par' dir='ltr' id='par_1_25' title="bbox 311 2368 1043 2445">
     <span class='ocr_line' id='line_1_46' title="bbox 311 2368 1043 2412; baseline 0.001 -13"><span class='ocrx_word' id='word_1_258' title='bbox 311 2369 384 2412; x_wconf 87' lang='lat' dir='ltr'>ejus</span> <span class='ocrx_word' id='word_1_259' title='bbox 409 2368 496 2400; x_wconf 78' lang='lat' dir='ltr'>linea</span> <span class='ocrx_word' id='word_1_260' title='bbox 525 2368 665 2411; x_wconf 79' lang='lat' dir='ltr'>spiralis,</span> <span class='ocrx_word' id='word_1_261' title='bbox 688 2369 852 2411; x_wconf 91' lang='lat' dir='ltr'>quomodo</span> <span class='ocrx_word' id='word_1_262' title='bbox 873 2369 1043 2412; x_wconf 76' lang='lat' dir='ltr'>descripta.</span> 
     </span>
     <span class='ocr_line' id='line_1_47' title="bbox 311 2411 443 2445; baseline 0 -2"><span class='ocrx_word' id='word_1_263' title='bbox 311 2411 354 2444; x_wconf 91' lang='lat' dir='ltr'>iv.</span> <span class='ocrx_word' id='word_1_264' title='bbox 375 2415 443 2445; x_wconf 80' lang='lat'>197.</span> 
     </span>
    </p>

    <p class='ocr_par' dir='ltr' id='par_1_26' title="bbox 288 2454 1048 2575">
     <span class='ocr_line' id='line_1_48' title="bbox 288 2454 1048 2498; baseline 0.001 -12"><span class='ocrx_word' id='word_1_265' title='bbox 288 2494 291 2496; x_wconf 18' lang='lat' dir='ltr'>v</span> <span class='ocrx_word' id='word_1_266' title='bbox 313 2454 549 2487; x_wconf 75' lang='lat' dir='ltr'>demonstratio</span> <span class='ocrx_word' id='word_1_267' title='bbox 564 2455 645 2498; x_wconf 83' lang='lat' dir='ltr'>ejus,</span> <span class='ocrx_word' id='word_1_268' title='bbox 661 2455 702 2486; x_wconf 91' lang='lat' dir='ltr'>de</span> <span class='ocrx_word' id='word_1_269' title='bbox 717 2457 907 2496; x_wconf 78' lang='lat' dir='ltr'>quadratura</span> <span class='ocrx_word' id='word_1_270' title='bbox 933 2458 1048 2492; x_wconf 75' lang='lat' dir='ltr'>circuli.</span> 
     </span>
     <span class='ocr_line' id='line_1_49' title="bbox 356 2498 1047 2537; baseline 0.003 -8"><span class='ocrx_word' id='word_1_271' title='bbox 356 2509 373 2530; x_wconf 87' lang='lat' dir='ltr'>r</span> <span class='ocrx_word' id='word_1_272' title='bbox 397 2508 607 2530; x_wconf 86' lang='lat' dir='ltr'>numerorum</span> <span class='ocrx_word' id='word_1_273' title='bbox 637 2498 774 2537; x_wconf 76' lang='lat' dir='ltr'>radices,</span> <span class='ocrx_word' id='word_1_274' title='bbox 803 2499 983 2531; x_wconf 80' lang='lat' dir='ltr'>clarissime</span> <span class='ocrx_word' id='word_1_275' title='bbox 1006 2499 1047 2531; x_wconf 88' lang='lat' dir='ltr'>ab</span> 
     </span>
     <span class='ocr_line' id='line_1_50' title="bbox 349 2541 1045 2575; baseline 0.001 -1"><span class='ocrx_word' id='word_1_276' title='bbox 349 2541 482 2574; x_wconf 83' lang='lat' dir='ltr'>obbesio</span> <span class='ocrx_word' id='word_1_277' title='bbox 521 2541 706 2573; x_wconf 75' lang='lat' dir='ltr'>ostenditur</span> <span class='ocrx_word' id='word_1_278' title='bbox 733 2552 805 2573; x_wconf 88' lang='lat' dir='ltr'>esse</span> <span class='ocrx_word' id='word_1_279' title='bbox 834 2541 986 2574; x_wconf 77' lang='lat' dir='ltr'>invalida.</span> <span class='ocrx_word' id='word_1_280' title='bbox 1017 2554 1045 2575; x_wconf 89' lang='lat' dir='ltr'>v.</span> 
     </span>
    </p>

    <p class='ocr_par' dir='ltr' id='par_1_27' title="bbox 311 2584 1046 2670">
     <span class='ocr_line' id='line_1_51' title="bbox 315 2584 1046 2626; baseline 0.001 -9"><span class='ocrx_word' id='word_1_281' title='bbox 315 2584 536 2617; x_wconf 77' lang='lat' dir='ltr'>1312-laoera</span> <span class='ocrx_word' id='word_1_282' title='bbox 552 2585 729 2626; x_wconf 77' lang='lat' dir='ltr'>flgurarnm</span> <span class='ocrx_word' id='word_1_283' title='bbox 756 2584 879 2617; x_wconf 81' lang='lat' dir='ltr'>frustra</span> <span class='ocrx_word' id='word_1_284' title='bbox 901 2585 1046 2618; x_wconf 87' lang='lat' dir='ltr'>numeris</span> 
     </span>
     <span class='ocr_line' id='line_1_52' title="bbox 311 2627 890 2670; baseline -0.002 -10"><span class='ocrx_word' id='word_1_285' title='bbox 311 2627 478 2670; x_wconf 86' lang='lat' dir='ltr'>explicare</span> <span class='ocrx_word' id='word_1_286' title='bbox 493 2627 592 2660; x_wconf 80' lang='lat' dir='ltr'>semel</span> <span class='ocrx_word' id='word_1_287' title='bbox 609 2627 756 2661; x_wconf 77' lang='lat' dir='ltr'>tentavit.</span> <span class='ocrx_word' id='word_1_288' title='bbox 772 2639 801 2660; x_wconf 88' lang='lat' dir='ltr'>v.</span> <span class='ocrx_word' id='word_1_289' title='bbox 821 2632 890 2661; x_wconf 79' lang='lat'>149.</span> 
     </span>
    </p>

    <p class='ocr_par' dir='ltr' id='par_1_28' title="bbox 267 2667 1045 2714">
     <span class='ocr_line' id='line_1_53' title="bbox 267 2667 1045 2714; baseline 0 -10"><span class='ocrx_word' id='word_1_290' title='bbox 267 2667 655 2711; x_wconf 53' lang='lat' dir='ltr'>Auentino—lignum</span> <span class='ocrx_word' id='word_1_291' title='bbox 685 2670 821 2713; x_wconf 82' lang='lat' dir='ltr'>longum</span> <span class='ocrx_word' id='word_1_292' title='bbox 847 2682 944 2714; x_wconf 90' lang='lat' dir='ltr'>quam</span> <span class='ocrx_word' id='word_1_293' title='bbox 972 2671 1045 2704; x_wconf 85' lang='lat' dir='ltr'>bre·</span> 
     </span>
    </p>

    <p class='ocr_par' dir='ltr' id='par_1_29' title="bbox 280 2713 1045 2758">
     <span class='ocr_line' id='line_1_54' title="bbox 280 2713 1045 2758; baseline 0.001 -12"><span class='ocrx_word' id='word_1_294' title='bbox 280 2753 283 2756; x_wconf 21' lang='grc' dir='ltr'><em>Δ</em></span> <span class='ocrx_word' id='word_1_295' title='bbox 311 2714 392 2752; x_wconf 85' lang='lat' dir='ltr'>vius,</span> <span class='ocrx_word' id='word_1_296' title='bbox 409 2721 442 2746; x_wconf 89' lang='lat' dir='ltr'>et</span> <span class='ocrx_word' id='word_1_297' title='bbox 453 2713 595 2746; x_wconf 76' lang='lat' dir='ltr'>crassius</span> <span class='ocrx_word' id='word_1_298' title='bbox 611 2725 709 2757; x_wconf 87' lang='lat' dir='ltr'>quam</span> <span class='ocrx_word' id='word_1_299' title='bbox 733 2714 864 2753; x_wconf 84' lang='lat' dir='ltr'>exilius,</span> <span class='ocrx_word' id='word_1_300' title='bbox 879 2714 953 2757; x_wconf 89' lang='lat' dir='ltr'>plus</span> <span class='ocrx_word' id='word_1_301' title='bbox 968 2726 1045 2758; x_wconf 77' lang='lat' dir='ltr'>ope.-</span> 
     </span>
    </p>

    <p class='ocr_par' dir='ltr' id='par_1_30' title="bbox 310 2756 762 2800">
     <span class='ocr_line' id='line_1_55' title="bbox 310 2756 762 2800; baseline -0.002 -10"><span class='ocrx_word' id='word_1_302' title='bbox 310 2764 404 2790; x_wconf 90' lang='lat' dir='ltr'>ratur</span> <span class='ocrx_word' id='word_1_303' title='bbox 417 2757 452 2789; x_wconf 88' lang='lat' dir='ltr'>in</span> <span class='ocrx_word' id='word_1_304' title='bbox 468 2756 636 2800; x_wconf 80' lang='lat' dir='ltr'>parietem.</span> <span class='ocrx_word' id='word_1_305' title='bbox 651 2757 672 2790; x_wconf 86' lang='lat' dir='ltr'>i.</span> <span class='ocrx_word' id='word_1_306' title='bbox 693 2761 762 2790; x_wconf 84' lang='lat'>184.</span> 
     </span>
    </p>

    <p class='ocr_par' dir='ltr' id='par_1_31' title="bbox 267 2800 1044 2843">
     <span class='ocr_line' id='line_1_56' title="bbox 267 2800 1044 2843; baseline 0 -9"><span class='ocrx_word' id='word_1_307' title='bbox 267 2800 706 2843; x_wconf 68' lang='lat' dir='ltr'>Ama-rocnuu-quibus</span> <span class='ocrx_word' id='word_1_308' title='bbox 721 2800 848 2833; x_wconf 85' lang='lat' dir='ltr'>actibus</span> <span class='ocrx_word' id='word_1_309' title='bbox 859 2801 1044 2834; x_wconf 83' lang='lat' dir='ltr'>constituta.</span> 
     </span>
    </p>

    <p class='ocr_par' dir='ltr' id='par_1_32' title="bbox 310 2843 1044 2886">
     <span class='ocr_line' id='line_1_57' title="bbox 310 2843 1044 2886; baseline 0.001 -10"><span class='ocrx_word' id='word_1_310' title='bbox 310 2844 344 2877; x_wconf 85' lang='lat' dir='ltr'>ii.</span> <span class='ocrx_word' id='word_1_311' title='bbox 362 2843 649 2886; x_wconf 74' lang='lat' dir='ltr'>2412—originem</span> <span class='ocrx_word' id='word_1_312' title='bbox 673 2843 772 2877; x_wconf 87' lang='lat' dir='ltr'>habet</span> <span class='ocrx_word' id='word_1_313' title='bbox 792 2855 812 2877; x_wconf 91' lang='lat' dir='ltr'>a</span> <span class='ocrx_word' id='word_1_314' title='bbox 835 2843 1044 2877; x_wconf 75' lang='lat' dir='ltr'>democratia.</span> 
     </span>
    </p>

    <p class='ocr_par' dir='ltr' id='par_1_33' title="bbox 308 2886 1045 2931">
     <span class='ocr_line' id='line_1_58' title="bbox 308 2886 1045 2931; baseline 0 -11"><span class='ocrx_word' id='word_1_315' title='bbox 308 2887 390 2920; x_wconf 85' lang='lat' dir='ltr'>ibid.</span> <span class='ocrx_word' id='word_1_316' title='bbox 400 2887 541 2920; x_wconf 89' lang='lat' dir='ltr'>:—curia</span> <span class='ocrx_word' id='word_1_317' title='bbox 568 2886 763 2931; x_wconf 82' lang='lat' dir='ltr'>optimatum</span> <span class='ocrx_word' id='word_1_318' title='bbox 800 2887 890 2920; x_wconf 87' lang='lat' dir='ltr'>omni</span> <span class='ocrx_word' id='word_1_319' title='bbox 920 2887 1045 2931; x_wconf 87' lang='lat' dir='ltr'>obliga·</span> 
     </span>
    </p>
   </div>
   <div class='ocr_carea' id='block_1_3' title="bbox 940 234 1137 267">
    <p class='ocr_par' dir='ltr' id='par_1_34' title="bbox 940 234 1137 267">
     <span class='ocr_line' id='line_1_59' title="bbox 940 234 1137 267; baseline 0 0"><span class='ocrx_word' id='word_1_320' title='bbox 940 234 1137 267; x_wconf 86' lang='lat' dir='ltr'>INDEX.</span> 
     </span>
    </p>
   </div>
   <div class='ocr_carea' id='block_1_4' title="bbox 1100 335 1841 768">
    <p class='ocr_par' dir='ltr' id='par_1_35' title="bbox 1100 335 1839 585">
     <span class='ocr_line' id='line_1_60' title="bbox 1102 335 1835 381; baseline 0.005 -13"><span class='ocrx_word' id='word_1_321' title='bbox 1102 335 1191 368; x_wconf 84' lang='lat' dir='ltr'>tione</span> <span class='ocrx_word' id='word_1_322' title='bbox 1206 336 1310 369; x_wconf 88' lang='lat' dir='ltr'>libera</span> <span class='ocrx_word' id='word_1_323' title='bbox 1323 342 1384 370; x_wconf 84' lang='lat' dir='ltr'>est.</span> <span class='ocrx_word' id='word_1_324' title='bbox 1400 337 1479 371; x_wconf 88' lang='lat' dir='ltr'>ibid.</span> <span class='ocrx_word' id='word_1_325' title='bbox 1487 337 1753 381; x_wconf 32' lang='lat' dir='ltr'>&amp;optimatibus</span> <span class='ocrx_word' id='word_1_326' title='bbox 1775 348 1835 372; x_wconf 77' lang='lat' dir='ltr'>ne·</span> 
     </span>
     <span class='ocr_line' id='line_1_61' title="bbox 1101 380 1834 415; baseline 0.004 -4"><span class='ocrx_word' id='word_1_327' title='bbox 1101 380 1242 412; x_wconf 84' lang='lat' dir='ltr'>cessaria</span> <span class='ocrx_word' id='word_1_328' title='bbox 1256 386 1306 412; x_wconf 89' lang='lat' dir='ltr'>est</span> <span class='ocrx_word' id='word_1_329' title='bbox 1320 381 1485 414; x_wconf 88' lang='lat' dir='ltr'>condictio</span> <span class='ocrx_word' id='word_1_330' title='bbox 1495 387 1724 415; x_wconf 81' lang='lat' dir='ltr'>conventuum.</span> <span class='ocrx_word' id='word_1_331' title='bbox 1738 381 1834 415; x_wconf 61' lang='lat' dir='ltr'>ibid:</span> 
     </span>
     <span class='ocr_line' id='line_1_62' title="bbox 1100 423 1836 468; baseline 0.005 -14"><span class='ocrx_word' id='word_1_332' title='bbox 1100 423 1173 454; x_wconf 89' lang='lat' dir='ltr'>—si</span> <span class='ocrx_word' id='word_1_333' title='bbox 1189 423 1263 465; x_wconf 90' lang='lat' dir='ltr'>quis</span> <span class='ocrx_word' id='word_1_334' title='bbox 1278 434 1320 455; x_wconf 84' lang='lat' dir='ltr'>ex</span> <span class='ocrx_word' id='word_1_335' title='bbox 1347 435 1474 456; x_wconf 88' lang='lat' dir='ltr'>summo</span> <span class='ocrx_word' id='word_1_336' title='bbox 1497 431 1584 456; x_wconf 88' lang='lat' dir='ltr'>coetu</span> <span class='ocrx_word' id='word_1_337' title='bbox 1599 425 1768 464; x_wconf 78' lang='lat' dir='ltr'>moriatur,</span> <span class='ocrx_word' id='word_1_338' title='bbox 1778 426 1836 468; x_wconf 77' lang='lat' dir='ltr'>jus</span> 
     </span>
     <span class='ocr_line' id='line_1_63' title="bbox 1102 466 1837 510; baseline 0.005 -13"><span class='ocrx_word' id='word_1_339' title='bbox 1102 466 1241 498; x_wconf 83' lang='lat' dir='ltr'>alterum</span> <span class='ocrx_word' id='word_1_340' title='bbox 1265 466 1299 498; x_wconf 89' lang='lat' dir='ltr'>in</span> <span class='ocrx_word' id='word_1_341' title='bbox 1323 468 1393 509; x_wconf 88' lang='lat' dir='ltr'>ejus</span> <span class='ocrx_word' id='word_1_342' title='bbox 1419 467 1527 499; x_wconf 88' lang='lat' dir='ltr'>locum</span> <span class='ocrx_word' id='word_1_343' title='bbox 1542 468 1686 510; x_wconf 86' lang='lat' dir='ltr'>eligendi</span> <span class='ocrx_word' id='word_1_344' title='bbox 1700 468 1735 500; x_wconf 91' lang='lat' dir='ltr'>in</span> <span class='ocrx_word' id='word_1_345' title='bbox 1750 473 1837 501; x_wconf 82' lang='lat' dir='ltr'>coetu</span> 
     </span>
     <span class='ocr_line' id='line_1_64' title="bbox 1101 509 1839 551; baseline 0.005 -11"><span class='ocrx_word' id='word_1_346' title='bbox 1101 509 1174 551; x_wconf 91' lang='lat' dir='ltr'>ipso</span> <span class='ocrx_word' id='word_1_347' title='bbox 1184 516 1243 541; x_wconf 86' lang='lat' dir='ltr'>est.</span> <span class='ocrx_word' id='word_1_348' title='bbox 1259 510 1305 542; x_wconf 88' lang='lat' dir='ltr'>iii.</span> <span class='ocrx_word' id='word_1_349' title='bbox 1321 514 1391 543; x_wconf 82' lang='lat'>148.</span> <span class='ocrx_word' id='word_1_350' title='bbox 1406 510 1439 543; x_wconf 92' lang='lat' dir='ltr'>ii.</span> <span class='ocrx_word' id='word_1_351' title='bbox 1450 515 1509 543; x_wconf 83' lang='lat'>261</span> <span class='ocrx_word' id='word_1_352' title='bbox 1520 511 1736 544; x_wconf 76' lang='lat' dir='ltr'>z—successio</span> <span class='ocrx_word' id='word_1_353' title='bbox 1747 511 1839 544; x_wconf 70' lang='lat' dir='ltr'>nulla</span> 
     </span>
     <span class='ocr_line' id='line_1_65' title="bbox 1103 553 1301 585; baseline 0.005 -1"><span class='ocrx_word' id='word_1_354' title='bbox 1103 558 1162 584; x_wconf 84' lang='lat' dir='ltr'>est.</span> <span class='ocrx_word' id='word_1_355' title='bbox 1179 553 1212 585; x_wconf 84' lang='lat' dir='ltr'>ii.</span> <span class='ocrx_word' id='word_1_356' title='bbox 1229 557 1301 585; x_wconf 90' lang='lat'>261.</span> 
     </span>
    </p>

    <p class='ocr_par' dir='ltr' id='par_1_36' title="bbox 1102 596 1841 768">
     <span class='ocr_line' id='line_1_66' title="bbox 1103 596 1841 640; baseline 0.004 -13"><span class='ocrx_word' id='word_1_357' title='bbox 1103 601 1195 628; x_wconf 84' lang='lat' dir='ltr'>tanto</span> <span class='ocrx_word' id='word_1_358' title='bbox 1211 596 1327 628; x_wconf 89' lang='lat' dir='ltr'>melior</span> <span class='ocrx_word' id='word_1_359' title='bbox 1341 602 1400 635; x_wconf 91' lang='lat' dir='ltr'>est,</span> <span class='ocrx_word' id='word_1_360' title='bbox 1417 602 1539 639; x_wconf 74' lang='lat' dir='ltr'>quanto</span> <span class='ocrx_word' id='word_1_361' title='bbox 1554 597 1752 630; x_wconf 81' lang='lat' dir='ltr'>monarchiae</span> <span class='ocrx_word' id='word_1_362' title='bbox 1762 608 1841 640; x_wconf 86' lang='lat' dir='ltr'>pro·</span> 
     </span>
     <span class='ocr_line' id='line_1_67' title="bbox 1102 639 1840 682; baseline 0.005 -12"><span class='ocrx_word' id='word_1_363' title='bbox 1102 639 1185 682; x_wconf 89' lang='lat' dir='ltr'>pior,</span> <span class='ocrx_word' id='word_1_364' title='bbox 1195 640 1287 682; x_wconf 87' lang='lat' dir='ltr'>pejor</span> <span class='ocrx_word' id='word_1_365' title='bbox 1299 648 1421 682; x_wconf 80' lang='lat' dir='ltr'>quanto</span> <span class='ocrx_word' id='word_1_366' title='bbox 1433 640 1474 672; x_wconf 83' lang='lat' dir='ltr'>ab</span> <span class='ocrx_word' id='word_1_367' title='bbox 1484 651 1522 672; x_wconf 81' lang='lat' dir='ltr'>ea</span> <span class='ocrx_word' id='word_1_368' title='bbox 1537 641 1701 673; x_wconf 88' lang='lat' dir='ltr'>remotior.</span> <span class='ocrx_word' id='word_1_369' title='bbox 1716 641 1751 674; x_wconf 87' lang='lat' dir='ltr'>ii.</span> <span class='ocrx_word' id='word_1_370' title='bbox 1766 644 1840 675; x_wconf 86' lang='grc'><strong>278.</strong></span> 
     </span>
     <span class='ocr_line' id='line_1_68' title="bbox 1104 683 1841 723; baseline 0.004 -9"><span class='ocrx_word' id='word_1_371' title='bbox 1104 683 1139 714; x_wconf 91' lang='lat' dir='ltr'>in</span> <span class='ocrx_word' id='word_1_372' title='bbox 1163 693 1210 721; x_wconf 87' lang='lat' dir='ltr'>ea,</span> <span class='ocrx_word' id='word_1_373' title='bbox 1237 689 1273 714; x_wconf 90' lang='lat' dir='ltr'>ut</span> <span class='ocrx_word' id='word_1_374' title='bbox 1298 683 1333 714; x_wconf 91' lang='lat' dir='ltr'>in</span> <span class='ocrx_word' id='word_1_375' title='bbox 1357 683 1565 723; x_wconf 81' lang='lat' dir='ltr'>democratia,</span> <span class='ocrx_word' id='word_1_376' title='bbox 1594 684 1711 716; x_wconf 88' lang='lat' dir='ltr'>unicus</span> <span class='ocrx_word' id='word_1_377' title='bbox 1736 690 1841 717; x_wconf 80' lang='lat' dir='ltr'>ooetus</span> 
     </span>
     <span class='ocr_line' id='line_1_69' title="bbox 1106 726 1437 768; baseline 0.009 -12"><span class='ocrx_word' id='word_1_378' title='bbox 1106 736 1286 768; x_wconf 87' lang='lat' dir='ltr'>supremus.</span> <span class='ocrx_word' id='word_1_379' title='bbox 1302 726 1348 758; x_wconf 90' lang='lat' dir='ltr'>iii.</span> <span class='ocrx_word' id='word_1_380' title='bbox 1364 731 1437 759; x_wconf 83' lang='lat'>404.</span> 
     </span>
    </p>
   </div>
   <div class='ocr_carea' id='block_1_5' title="bbox 1064 769 1843 813">
    <p class='ocr_par' dir='ltr' id='par_1_37' title="bbox 1064 769 1843 813">
     <span class='ocr_line' id='line_1_70' title="bbox 1064 769 1843 813; baseline 0.004 -13"><span class='ocrx_word' id='word_1_381' title='bbox 1064 769 1431 801; x_wconf 74' lang='lat' dir='ltr'>AmsToTELEs--eum</span> <span class='ocrx_word' id='word_1_382' title='bbox 1458 769 1547 812; x_wconf 87' lang='lat' dir='ltr'>cepit</span> <span class='ocrx_word' id='word_1_383' title='bbox 1568 770 1671 802; x_wconf 88' lang='lat' dir='ltr'>libido</span> <span class='ocrx_word' id='word_1_384' title='bbox 1690 770 1843 813; x_wconf 79' lang='lat' dir='ltr'>quaedam</span> 
     </span>
    </p>
   </div>
   <div class='ocr_carea' id='block_1_6' title="bbox 1107 813 1852 2931">
    <p class='ocr_par' dir='ltr' id='par_1_38' title="bbox 1107 813 1843 942">
     <span class='ocr_line' id='line_1_71' title="bbox 1108 813 1737 855; baseline 0.005 -12"><span class='ocrx_word' id='word_1_385' title='bbox 1108 813 1280 844; x_wconf 86' lang='lat' dir='ltr'>verborum</span> <span class='ocrx_word' id='word_1_386' title='bbox 1297 823 1431 844; x_wconf 88' lang='lat' dir='ltr'>censum</span> <span class='ocrx_word' id='word_1_387' title='bbox 1447 813 1634 855; x_wconf 88' lang='lat' dir='ltr'>peragendi.</span> <span class='ocrx_word' id='word_1_388' title='bbox 1648 813 1669 846; x_wconf 88' lang='lat' dir='ltr'>i.</span> <span class='ocrx_word' id='word_1_389' title='bbox 1685 817 1737 846; x_wconf 88' lang='lat'>25.</span> 
     </span>
     <span class='ocr_line' id='line_1_72' title="bbox 1107 855 1843 900; baseline 0.004 -14"><span class='ocrx_word' id='word_1_390' title='bbox 1107 855 1348 898; x_wconf 83' lang='lat' dir='ltr'>propositiones</span> <span class='ocrx_word' id='word_1_391' title='bbox 1387 857 1557 899; x_wconf 87' lang='lat' dir='ltr'>negativas</span> <span class='ocrx_word' id='word_1_392' title='bbox 1593 856 1843 900; x_wconf 69' lang='lat' dir='ltr'>aequipollentes</span> 
     </span>
     <span class='ocr_line' id='line_1_73' title="bbox 1108 899 1407 942; baseline 0.007 -12"><span class='ocrx_word' id='word_1_393' title='bbox 1108 910 1179 931; x_wconf 82' lang='lat' dir='ltr'>esse</span> <span class='ocrx_word' id='word_1_394' title='bbox 1194 905 1302 942; x_wconf 83' lang='lat' dir='ltr'>negat.</span> <span class='ocrx_word' id='word_1_395' title='bbox 1318 899 1339 930; x_wconf 89' lang='lat' dir='ltr'>i.</span> <span class='ocrx_word' id='word_1_396' title='bbox 1355 903 1407 932; x_wconf 90' lang='grc'>36.</span> 
     </span>
    </p>

    <p class='ocr_par' dir='ltr' id='par_1_39' title="bbox 1107 941 1844 1018">
     <span class='ocr_line' id='line_1_74' title="bbox 1107 941 1844 986; baseline 0.004 -13"><span class='ocrx_word' id='word_1_397' title='bbox 1107 941 1142 973; x_wconf 93' lang='lat' dir='ltr'>in</span> <span class='ocrx_word' id='word_1_398' title='bbox 1166 943 1237 985; x_wconf 87' lang='lat' dir='ltr'>ejus</span> <span class='ocrx_word' id='word_1_399' title='bbox 1261 942 1495 986; x_wconf 86' lang='lat' dir='ltr'>metaphysicis</span> <span class='ocrx_word' id='word_1_400' title='bbox 1516 943 1727 986; x_wconf 85' lang='lat' dir='ltr'>reperiuntur</span> <span class='ocrx_word' id='word_1_401' title='bbox 1740 943 1844 976; x_wconf 84' lang='lat' dir='ltr'>multa</span> 
     </span>
     <span class='ocr_line' id='line_1_75' title="bbox 1107 985 1305 1018; baseline 0.01 -2"><span class='ocrx_word' id='word_1_402' title='bbox 1107 985 1198 1018; x_wconf 83' lang='lat' dir='ltr'>falsa.</span> <span class='ocrx_word' id='word_1_403' title='bbox 1215 985 1237 1017; x_wconf 88' lang='lat' dir='ltr'>i.</span> <span class='ocrx_word' id='word_1_404' title='bbox 1254 989 1305 1018; x_wconf 88' lang='lat'>52.</span> 
     </span>
    </p>

    <p class='ocr_par' dir='ltr' id='par_1_40' title="bbox 1109 1028 1706 1079">
     <span class='ocr_line' id='line_1_76' title="bbox 1109 1028 1706 1079; baseline 0.005 -19"><span class='ocrx_word' id='word_1_405' title='bbox 1109 1028 1187 1071; x_wconf 90' lang='lat' dir='ltr'>quid</span> <span class='ocrx_word' id='word_1_406' title='bbox 1200 1028 1356 1071; x_wconf 79' lang='lat' dir='ltr'>intelligit</span> <span class='ocrx_word' id='word_1_407' title='bbox 1369 1040 1430 1079; x_wconf 84' lang='lat' dir='ltr'>per</span> <span class='ocrx_word' id='word_1_408' title='bbox 1438 1032 1602 1071; x_wconf 65' lang='lat' dir='ltr'>principia.</span> <span class='ocrx_word' id='word_1_409' title='bbox 1617 1029 1639 1062; x_wconf 92' lang='lat' dir='ltr'>i.</span> <span class='ocrx_word' id='word_1_410' title='bbox 1655 1034 1706 1063; x_wconf 81' lang='lat'>56.</span> 
     </span>
    </p>

    <p class='ocr_par' dir='ltr' id='par_1_41' title="bbox 1109 1072 1845 1149">
     <span class='ocr_line' id='line_1_77' title="bbox 1109 1072 1845 1121; baseline 0.003 -17"><span class='ocrx_word' id='word_1_411' title='bbox 1109 1072 1150 1104; x_wconf 78' lang='lat' dir='ltr'>ab</span> <span class='ocrx_word' id='word_1_412' title='bbox 1165 1073 1236 1114; x_wconf 80' lang='lat' dir='ltr'>ejus</span> <span class='ocrx_word' id='word_1_413' title='bbox 1251 1072 1442 1104; x_wconf 82' lang='lat' dir='ltr'>definitione</span> <span class='ocrx_word' id='word_1_414' title='bbox 1462 1075 1606 1114; x_wconf 75' lang='lat' dir='ltr'>temporis,</span> <span class='ocrx_word' id='word_1_415' title='bbox 1622 1083 1690 1105; x_wconf 87' lang='lat' dir='ltr'>non</span> <span class='ocrx_word' id='word_1_416' title='bbox 1704 1072 1845 1121; x_wconf 62' lang='lat' dir='ltr'>multan</span> 
     </span>
     <span class='ocr_line' id='line_1_78' title="bbox 1109 1115 1750 1149; baseline 0.005 -3"><span class='ocrx_word' id='word_1_417' title='bbox 1109 1115 1249 1147; x_wconf 88' lang='lat' dir='ltr'>discedit</span> <span class='ocrx_word' id='word_1_418' title='bbox 1262 1115 1412 1148; x_wconf 84' lang='lat' dir='ltr'>definitio</span> <span class='ocrx_word' id='word_1_419' title='bbox 1426 1116 1609 1149; x_wconf 78' lang='lat' dir='ltr'>Hobbiana.</span> <span class='ocrx_word' id='word_1_420' title='bbox 1625 1116 1646 1149; x_wconf 92' lang='lat' dir='ltr'>i.</span> <span class='ocrx_word' id='word_1_421' title='bbox 1663 1120 1750 1149; x_wconf 82' lang='lat'>83-4.</span> 
     </span>
    </p>

    <p class='ocr_par' dir='ltr' id='par_1_42' title="bbox 1108 1158 1848 1245">
     <span class='ocr_line' id='line_1_79' title="bbox 1108 1158 1848 1202; baseline 0.004 -12"><span class='ocrx_word' id='word_1_422' title='bbox 1108 1159 1180 1201; x_wconf 84' lang='lat' dir='ltr'>ejus</span> <span class='ocrx_word' id='word_1_423' title='bbox 1194 1159 1369 1201; x_wconf 82' lang='lat' dir='ltr'>explicatio</span> <span class='ocrx_word' id='word_1_424' title='bbox 1395 1159 1484 1191; x_wconf 89' lang='lat' dir='ltr'>modi</span> <span class='ocrx_word' id='word_1_425' title='bbox 1508 1170 1573 1202; x_wconf 90' lang='lat' dir='ltr'>quo</span> <span class='ocrx_word' id='word_1_426' title='bbox 1593 1159 1745 1192; x_wconf 85' lang='lat' dir='ltr'>accidens</span> <span class='ocrx_word' id='word_1_427' title='bbox 1759 1158 1848 1193; x_wconf 77' lang='lat' dir='ltr'>inest</span> 
     </span>
     <span class='ocr_line' id='line_1_80' title="bbox 1108 1202 1493 1245; baseline 0.003 -12"><span class='ocrx_word' id='word_1_428' title='bbox 1108 1202 1143 1233; x_wconf 93' lang='lat' dir='ltr'>in</span> <span class='ocrx_word' id='word_1_429' title='bbox 1159 1212 1217 1233; x_wconf 90' lang='lat' dir='ltr'>suo</span> <span class='ocrx_word' id='word_1_430' title='bbox 1233 1203 1387 1245; x_wconf 87' lang='lat' dir='ltr'>subjecto.</span> <span class='ocrx_word' id='word_1_431' title='bbox 1403 1202 1425 1235; x_wconf 95' lang='lat' dir='ltr'>i.</span> <span class='ocrx_word' id='word_1_432' title='bbox 1442 1207 1493 1235; x_wconf 90' lang='lat'>92.</span> 
     </span>
    </p>

    <p class='ocr_par' dir='ltr' id='par_1_43' title="bbox 1108 1245 1848 1461">
     <span class='ocr_line' id='line_1_81' title="bbox 1109 1245 1847 1289; baseline 0.003 -13"><span class='ocrx_word' id='word_1_433' title='bbox 1109 1245 1190 1287; x_wconf 87' lang='lat' dir='ltr'>quid</span> <span class='ocrx_word' id='word_1_434' title='bbox 1220 1246 1395 1284; x_wconf 78' lang='grc' dir='ltr'><strong>εκεένινον,</strong></span> <span class='ocrx_word' id='word_1_435' title='bbox 1426 1245 1578 1285; x_wconf 78' lang='grc' dir='ltr'><strong>ξύλινον,</strong></span> <span class='ocrx_word' id='word_1_436' title='bbox 1615 1246 1847 1289; x_wconf 80' lang='lat' dir='ltr'>appellandum</span> 
     </span>
     <span class='ocr_line' id='line_1_82' title="bbox 1108 1288 1847 1332; baseline 0.003 -12"><span class='ocrx_word' id='word_1_437' title='bbox 1108 1299 1180 1320; x_wconf 87' lang='lat' dir='ltr'>esse</span> <span class='ocrx_word' id='word_1_438' title='bbox 1195 1294 1315 1321; x_wconf 86' lang='lat' dir='ltr'>censet.</span> <span class='ocrx_word' id='word_1_439' title='bbox 1330 1288 1351 1321; x_wconf 87' lang='lat' dir='ltr'>i.</span> <span class='ocrx_word' id='word_1_440' title='bbox 1371 1293 1429 1321; x_wconf 87' lang='grc'>105</span> <span class='ocrx_word' id='word_1_441' title='bbox 1441 1300 1564 1321; x_wconf 75' lang='lat' dir='ltr'>z—eum</span> <span class='ocrx_word' id='word_1_442' title='bbox 1587 1289 1719 1332; x_wconf 88' lang='lat' dir='ltr'>sequuti</span> <span class='ocrx_word' id='word_1_443' title='bbox 1738 1289 1847 1332; x_wconf 87' lang='lat' dir='ltr'>philo-</span> 
     </span>
     <span class='ocr_line' id='line_1_83' title="bbox 1108 1331 1848 1374; baseline 0.004 -12"><span class='ocrx_word' id='word_1_444' title='bbox 1108 1331 1168 1374; x_wconf 90' lang='lat' dir='ltr'>phi</span> <span class='ocrx_word' id='word_1_445' title='bbox 1177 1331 1346 1363; x_wconf 76' lang='lat' dir='ltr'>materiam</span> <span class='ocrx_word' id='word_1_446' title='bbox 1358 1343 1562 1364; x_wconf 87' lang='lat' dir='ltr'>communem</span> <span class='ocrx_word' id='word_1_447' title='bbox 1574 1332 1721 1364; x_wconf 91' lang='lat' dir='ltr'>omnium</span> <span class='ocrx_word' id='word_1_448' title='bbox 1735 1343 1848 1365; x_wconf 86' lang='lat' dir='ltr'>rerum</span> 
     </span>
     <span class='ocr_line' id='line_1_84' title="bbox 1110 1375 1761 1417; baseline 0.005 -11"><span class='ocrx_word' id='word_1_449' title='bbox 1110 1385 1226 1407; x_wconf 83' lang='lat' dir='ltr'>vocare</span> <span class='ocrx_word' id='word_1_450' title='bbox 1241 1375 1348 1407; x_wconf 88' lang='lat' dir='ltr'>solent</span> <span class='ocrx_word' id='word_1_451' title='bbox 1361 1377 1516 1407; x_wconf 79' lang='lat' dir='ltr'>materiam</span> <span class='ocrx_word' id='word_1_452' title='bbox 1525 1378 1665 1417; x_wconf 74' lang='lat' dir='ltr'>primam.</span> <span class='ocrx_word' id='word_1_453' title='bbox 1680 1375 1761 1410; x_wconf 83' lang='lat' dir='ltr'>ibid.</span> 
     </span>
     <span class='ocr_line' id='line_1_85' title="bbox 1111 1418 1645 1461; baseline 0.006 -12"><span class='ocrx_word' id='word_1_454' title='bbox 1111 1418 1191 1460; x_wconf 89' lang='lat' dir='ltr'>quid</span> <span class='ocrx_word' id='word_1_455' title='bbox 1207 1424 1301 1450; x_wconf 81' lang='lat' dir='ltr'>vocat</span> <span class='ocrx_word' id='word_1_456' title='bbox 1314 1419 1356 1450; x_wconf 83' lang='grc' dir='ltr'>τὰ</span> <span class='ocrx_word' id='word_1_457' title='bbox 1373 1418 1458 1461; x_wconf 81' lang='grc' dir='ltr'><strong><em>πρὸς</em></strong></span> <span class='ocrx_word' id='word_1_458' title='bbox 1474 1431 1515 1451; x_wconf 85' lang='grc' dir='ltr'><strong>τι.</strong></span> <span class='ocrx_word' id='word_1_459' title='bbox 1531 1418 1554 1451; x_wconf 87' lang='lat' dir='ltr'>i.</span> <span class='ocrx_word' id='word_1_460' title='bbox 1575 1423 1645 1452; x_wconf 85' lang='lat'>118.</span> 
     </span>
    </p>

    <p class='ocr_par' dir='ltr' id='par_1_44' title="bbox 1112 1461 1558 1504">
     <span class='ocr_line' id='line_1_86' title="bbox 1112 1461 1558 1504; baseline 0.004 -11"><span class='ocrx_word' id='word_1_461' title='bbox 1112 1462 1185 1504; x_wconf 85' lang='lat' dir='ltr'>ejus</span> <span class='ocrx_word' id='word_1_462' title='bbox 1199 1461 1348 1493; x_wconf 85' lang='lat' dir='ltr'>definitio</span> <span class='ocrx_word' id='word_1_463' title='bbox 1363 1464 1439 1494; x_wconf 81' lang='lat' dir='ltr'>honi.</span> <span class='ocrx_word' id='word_1_464' title='bbox 1455 1461 1488 1493; x_wconf 87' lang='lat' dir='ltr'>ii.</span> <span class='ocrx_word' id='word_1_465' title='bbox 1506 1466 1558 1495; x_wconf 85' lang='lat'>96.</span> 
     </span>
    </p>

    <p class='ocr_par' dir='ltr' id='par_1_45' title="bbox 1111 1504 1850 1756">
     <span class='ocr_line' id='line_1_87' title="bbox 1111 1504 1849 1556; baseline 0.003 -20"><span class='ocrx_word' id='word_1_466' title='bbox 1111 1504 1178 1543; x_wconf 85' lang='lat' dir='ltr'>ille,</span> <span class='ocrx_word' id='word_1_467' title='bbox 1194 1505 1299 1541; x_wconf 84' lang='lat' dir='ltr'>Plato,</span> <span class='ocrx_word' id='word_1_468' title='bbox 1315 1505 1442 1544; x_wconf 83' lang='lat' dir='ltr'>Cicero,</span> <span class='ocrx_word' id='word_1_469' title='bbox 1457 1505 1633 1548; x_wconf 65' lang='lat' dir='ltr'>caeterique</span> <span class='ocrx_word' id='word_1_470' title='bbox 1658 1505 1849 1556; x_wconf 67' lang='lat' dir='ltr'>philosophi</span> 
     </span>
     <span class='ocr_line' id='line_1_88' title="bbox 1114 1547 1850 1591; baseline 0.003 -11"><span class='ocrx_word' id='word_1_471' title='bbox 1114 1547 1222 1580; x_wconf 87' lang='lat' dir='ltr'>Graeci</span> <span class='ocrx_word' id='word_1_472' title='bbox 1231 1554 1264 1580; x_wconf 91' lang='lat' dir='ltr'>et</span> <span class='ocrx_word' id='word_1_473' title='bbox 1277 1548 1397 1586; x_wconf 78' lang='lat' dir='ltr'>Latini,</span> <span class='ocrx_word' id='word_1_474' title='bbox 1409 1555 1484 1591; x_wconf 87' lang='lat' dir='ltr'>post</span> <span class='ocrx_word' id='word_1_475' title='bbox 1494 1549 1663 1582; x_wconf 74' lang='lat' dir='ltr'>Socratem</span> <span class='ocrx_word' id='word_1_476' title='bbox 1677 1548 1850 1582; x_wconf 78' lang='lat' dir='ltr'>scientiam</span> 
     </span>
     <span class='ocr_line' id='line_1_89' title="bbox 1113 1591 1656 1626; baseline 0.004 -3"><span class='ocrx_word' id='word_1_477' title='bbox 1113 1591 1243 1623; x_wconf 89' lang='lat' dir='ltr'>civilem</span> <span class='ocrx_word' id='word_1_478' title='bbox 1259 1598 1525 1624; x_wconf 85' lang='lat' dir='ltr'>attrectaverunt.</span> <span class='ocrx_word' id='word_1_479' title='bbox 1537 1592 1572 1625; x_wconf 92' lang='lat' dir='ltr'>ii.</span> <span class='ocrx_word' id='word_1_480' title='bbox 1587 1596 1656 1626; x_wconf 87' lang='lat'>142.</span> 
     </span>
     <span class='ocr_line' id='line_1_90' title="bbox 1114 1634 1850 1678; baseline 0.003 -12"><span class='ocrx_word' id='word_1_481' title='bbox 1114 1634 1318 1673; x_wconf 86' lang='lat' dir='ltr'>Scholastici,</span> <span class='ocrx_word' id='word_1_482' title='bbox 1334 1635 1414 1667; x_wconf 85' lang='lat' dir='ltr'>locis</span> <span class='ocrx_word' id='word_1_483' title='bbox 1439 1635 1636 1678; x_wconf 85' lang='lat' dir='ltr'>quibusdam</span> <span class='ocrx_word' id='word_1_484' title='bbox 1656 1635 1850 1668; x_wconf 76' lang='lat' dir='ltr'>Aristotelis</span> 
     </span>
     <span class='ocr_line' id='line_1_91' title="bbox 1113 1677 1850 1722; baseline 0.003 -12"><span class='ocrx_word' id='word_1_485' title='bbox 1113 1677 1200 1717; x_wconf 83' lang='lat' dir='ltr'>freti,</span> <span class='ocrx_word' id='word_1_486' title='bbox 1231 1678 1360 1720; x_wconf 83' lang='lat' dir='ltr'>qualem</span> <span class='ocrx_word' id='word_1_487' title='bbox 1399 1678 1582 1711; x_wconf 84' lang='lat' dir='ltr'>doctrinam</span> <span class='ocrx_word' id='word_1_488' title='bbox 1610 1678 1652 1712; x_wconf 84' lang='lat' dir='ltr'>de</span> <span class='ocrx_word' id='word_1_489' title='bbox 1678 1679 1850 1722; x_wconf 79' lang='lat' dir='ltr'>speciebus</span> 
     </span>
     <span class='ocr_line' id='line_1_92' title="bbox 1114 1721 1622 1756; baseline 0.004 -4"><span class='ocrx_word' id='word_1_490' title='bbox 1114 1721 1297 1754; x_wconf 85' lang='lat' dir='ltr'>visibilibus</span> <span class='ocrx_word' id='word_1_491' title='bbox 1312 1721 1476 1754; x_wconf 84' lang='lat' dir='ltr'>emittunt.</span> <span class='ocrx_word' id='word_1_492' title='bbox 1491 1722 1538 1754; x_wconf 86' lang='lat' dir='ltr'>iii.</span> <span class='ocrx_word' id='word_1_493' title='bbox 1552 1725 1622 1756; x_wconf 89' lang='grc'><strong>6-7.</strong></span> 
     </span>
    </p>

    <p class='ocr_par' dir='ltr' id='par_1_46' title="bbox 1113 1765 1852 1894">
     <span class='ocr_line' id='line_1_93' title="bbox 1113 1765 1852 1808; baseline 0.004 -12"><span class='ocrx_word' id='word_1_494' title='bbox 1113 1765 1185 1807; x_wconf 87' lang='lat' dir='ltr'>ejus</span> <span class='ocrx_word' id='word_1_495' title='bbox 1213 1765 1422 1807; x_wconf 79' lang='lat' dir='ltr'>philosophia</span> <span class='ocrx_word' id='word_1_496' title='bbox 1448 1765 1637 1798; x_wconf 79' lang='lat' dir='ltr'>introducta</span> <span class='ocrx_word' id='word_1_497' title='bbox 1660 1765 1695 1798; x_wconf 87' lang='lat' dir='ltr'>in</span> <span class='ocrx_word' id='word_1_498' title='bbox 1718 1765 1852 1808; x_wconf 79' lang='lat' dir='ltr'>religio·</span> 
     </span>
     <span class='ocr_line' id='line_1_94' title="bbox 1113 1808 1851 1852; baseline 0.004 -13"><span class='ocrx_word' id='word_1_499' title='bbox 1113 1818 1199 1846; x_wconf 91' lang='lat' dir='ltr'>nem,</span> <span class='ocrx_word' id='word_1_500' title='bbox 1215 1819 1312 1840; x_wconf 84' lang='lat' dir='ltr'>causa</span> <span class='ocrx_word' id='word_1_501' title='bbox 1333 1808 1396 1840; x_wconf 84' lang='lat' dir='ltr'>fuit</span> <span class='ocrx_word' id='word_1_502' title='bbox 1420 1819 1520 1851; x_wconf 85' lang='lat' dir='ltr'>quare</span> <span class='ocrx_word' id='word_1_503' title='bbox 1542 1809 1682 1852; x_wconf 87' lang='lat' dir='ltr'>populus</span> <span class='ocrx_word' id='word_1_504' title='bbox 1703 1808 1851 1842; x_wconf 71' lang='lat' dir='ltr'>eeclesiae</span> 
     </span>
     <span class='ocr_line' id='line_1_95' title="bbox 1114 1852 1717 1894; baseline 0.002 -11"><span class='ocrx_word' id='word_1_505' title='bbox 1114 1852 1271 1883; x_wconf 82' lang='lat' dir='ltr'>Romanae</span> <span class='ocrx_word' id='word_1_506' title='bbox 1278 1852 1396 1894; x_wconf 70' lang='lat' dir='ltr'>jugum</span> <span class='ocrx_word' id='word_1_507' title='bbox 1413 1858 1593 1885; x_wconf 87' lang='lat' dir='ltr'>excuteret.</span> <span class='ocrx_word' id='word_1_508' title='bbox 1602 1852 1650 1885; x_wconf 81' lang='lat' dir='ltr'>iii.</span> <span class='ocrx_word' id='word_1_509' title='bbox 1665 1856 1717 1886; x_wconf 81' lang='lat'>96.</span> 
     </span>
    </p>

    <p class='ocr_par' dir='ltr' id='par_1_47' title="bbox 1115 1894 1851 2014">
     <span class='ocr_line' id='line_1_96' title="bbox 1115 1894 1851 1937; baseline 0.003 -11"><span class='ocrx_word' id='word_1_510' title='bbox 1115 1894 1186 1937; x_wconf 83' lang='lat' dir='ltr'>ejus</span> <span class='ocrx_word' id='word_1_511' title='bbox 1201 1894 1408 1937; x_wconf 82' lang='lat' dir='ltr'>principium.</span> <span class='ocrx_word' id='word_1_512' title='bbox 1424 1895 1592 1927; x_wconf 90' lang='lat' dir='ltr'>hominum</span> <span class='ocrx_word' id='word_1_513' title='bbox 1607 1895 1688 1928; x_wconf 87' lang='lat' dir='ltr'>alios</span> <span class='ocrx_word' id='word_1_514' title='bbox 1699 1906 1720 1928; x_wconf 86' lang='lat' dir='ltr'>a</span> <span class='ocrx_word' id='word_1_515' title='bbox 1732 1900 1851 1928; x_wconf 78' lang='lat' dir='ltr'>namra</span> 
     </span>
     <span class='ocr_line' id='line_1_97' title="bbox 1115 1938 1850 1980; baseline 0.004 -11"><span class='ocrx_word' id='word_1_516' title='bbox 1115 1938 1218 1970; x_wconf 82' lang='lat' dir='ltr'>factos</span> <span class='ocrx_word' id='word_1_517' title='bbox 1244 1949 1315 1970; x_wconf 84' lang='lat' dir='ltr'>esse</span> <span class='ocrx_word' id='word_1_518' title='bbox 1340 1938 1381 1970; x_wconf 88' lang='lat' dir='ltr'>ad</span> <span class='ocrx_word' id='word_1_519' title='bbox 1406 1938 1592 1980; x_wconf 88' lang='lat' dir='ltr'>imperium,</span> <span class='ocrx_word' id='word_1_520' title='bbox 1607 1938 1689 1971; x_wconf 84' lang='lat' dir='ltr'>alios</span> <span class='ocrx_word' id='word_1_521' title='bbox 1703 1939 1850 1972; x_wconf 77' lang='lat' dir='ltr'>servien-</span> 
     </span>
     <span class='ocr_line' id='line_1_98' title="bbox 1116 1981 1491 2014; baseline 0.005 -2"><span class='ocrx_word' id='word_1_522' title='bbox 1116 1981 1203 2012; x_wconf 90' lang='lat' dir='ltr'>dum.</span> <span class='ocrx_word' id='word_1_523' title='bbox 1218 1981 1265 2014; x_wconf 91' lang='lat' dir='ltr'>iii.</span> <span class='ocrx_word' id='word_1_524' title='bbox 1286 1985 1352 2013; x_wconf 84' lang='lat'>118.</span> <span class='ocrx_word' id='word_1_525' title='bbox 1368 1981 1403 2014; x_wconf 88' lang='lat' dir='ltr'>ii.</span> <span class='ocrx_word' id='word_1_526' title='bbox 1422 1986 1491 2014; x_wconf 91' lang='grc'><strong>189.</strong></span> 
     </span>
    </p>

    <p class='ocr_par' dir='ltr' id='par_1_48' title="bbox 1113 2024 1851 2187">
     <span class='ocr_line' id='line_1_99' title="bbox 1115 2024 1849 2067; baseline 0.003 -11"><span class='ocrx_word' id='word_1_527' title='bbox 1115 2025 1186 2067; x_wconf 88' lang='lat' dir='ltr'>ejus</span> <span class='ocrx_word' id='word_1_528' title='bbox 1201 2024 1354 2056; x_wconf 83' lang='lat' dir='ltr'>animalia</span> <span class='ocrx_word' id='word_1_529' title='bbox 1364 2027 1498 2065; x_wconf 82' lang='lat' dir='ltr'>politica.</span> <span class='ocrx_word' id='word_1_530' title='bbox 1509 2024 1544 2057; x_wconf 87' lang='lat' dir='ltr'>ii.</span> <span class='ocrx_word' id='word_1_531' title='bbox 1559 2028 1611 2064; x_wconf 87' lang='grc'>91,</span> <span class='ocrx_word' id='word_1_532' title='bbox 1625 2028 1698 2058; x_wconf 86' lang='grc'><strong>211.</strong></span> <span class='ocrx_word' id='word_1_533' title='bbox 1711 2024 1760 2057; x_wconf 87' lang='lat' dir='ltr'>iii.</span> <span class='ocrx_word' id='word_1_534' title='bbox 1778 2028 1849 2058; x_wconf 84' lang='lat'>129.</span> 
     </span>
     <span class='ocr_line' id='line_1_100' title="bbox 1115 2067 1850 2110; baseline 0.001 -11"><span class='ocrx_word' id='word_1_535' title='bbox 1115 2067 1180 2099; x_wconf 87' lang='lat' dir='ltr'>duo</span> <span class='ocrx_word' id='word_1_536' title='bbox 1205 2078 1286 2107; x_wconf 86' lang='lat' dir='ltr'>esse,</span> <span class='ocrx_word' id='word_1_537' title='bbox 1306 2067 1361 2106; x_wconf 85' lang='lat' dir='ltr'>ait,</span> <span class='ocrx_word' id='word_1_538' title='bbox 1379 2078 1501 2109; x_wconf 86' lang='lat' dir='ltr'>genera</span> <span class='ocrx_word' id='word_1_539' title='bbox 1523 2067 1731 2110; x_wconf 83' lang='lat' dir='ltr'>regiminum,</span> <span class='ocrx_word' id='word_1_540' title='bbox 1746 2078 1850 2100; x_wconf 85' lang='lat' dir='ltr'>unum</span> 
     </span>
     <span class='ocr_line' id='line_1_101' title="bbox 1114 2110 1851 2152; baseline 0.001 -10"><span class='ocrx_word' id='word_1_541' title='bbox 1114 2110 1155 2142; x_wconf 87' lang='lat' dir='ltr'>ad</span> <span class='ocrx_word' id='word_1_542' title='bbox 1166 2113 1348 2152; x_wconf 74' lang='lat' dir='ltr'>imperantis,</span> <span class='ocrx_word' id='word_1_543' title='bbox 1364 2111 1501 2143; x_wconf 84' lang='lat' dir='ltr'>alterum</span> <span class='ocrx_word' id='word_1_544' title='bbox 1512 2111 1554 2143; x_wconf 89' lang='lat' dir='ltr'>ad</span> <span class='ocrx_word' id='word_1_545' title='bbox 1568 2113 1751 2143; x_wconf 66' lang='lat' dir='ltr'>subditorum</span> <span class='ocrx_word' id='word_1_546' title='bbox 1761 2122 1851 2143; x_wconf 88' lang='lat' dir='ltr'>com-</span> 
     </span>
     <span class='ocr_line' id='line_1_102' title="bbox 1113 2154 1569 2187; baseline 0.002 -1"><span class='ocrx_word' id='word_1_547' title='bbox 1113 2154 1246 2186; x_wconf 90' lang='lat' dir='ltr'>modum</span> <span class='ocrx_word' id='word_1_548' title='bbox 1261 2154 1432 2187; x_wconf 83' lang='lat' dir='ltr'>directum.</span> <span class='ocrx_word' id='word_1_549' title='bbox 1448 2154 1481 2186; x_wconf 88' lang='lat' dir='ltr'>ii.</span> <span class='ocrx_word' id='word_1_550' title='bbox 1497 2158 1569 2187; x_wconf 87' lang='lat'>265.</span> 
     </span>
    </p>

    <p class='ocr_par' dir='ltr' id='par_1_49' title="bbox 1114 2197 1852 2359">
     <span class='ocr_line' id='line_1_103' title="bbox 1114 2197 1852 2239; baseline 0.003 -10"><span class='ocrx_word' id='word_1_551' title='bbox 1114 2197 1185 2239; x_wconf 89' lang='lat' dir='ltr'>ejus</span> <span class='ocrx_word' id='word_1_552' title='bbox 1208 2197 1380 2234; x_wconf 80' lang='lat' dir='ltr'>sententia.</span> <span class='ocrx_word' id='word_1_553' title='bbox 1407 2197 1557 2239; x_wconf 83' lang='lat' dir='ltr'>negantis</span> <span class='ocrx_word' id='word_1_554' title='bbox 1579 2197 1713 2230; x_wconf 88' lang='lat' dir='ltr'>omnino</span> <span class='ocrx_word' id='word_1_555' title='bbox 1734 2197 1852 2231; x_wconf 80' lang='lat' dir='ltr'>civita·</span> 
     </span>
     <span class='ocr_line' id='line_1_104' title="bbox 1115 2240 1851 2284; baseline 0.001 -12"><span class='ocrx_word' id='word_1_556' title='bbox 1115 2246 1181 2272; x_wconf 85' lang='lat' dir='ltr'>tem</span> <span class='ocrx_word' id='word_1_557' title='bbox 1212 2251 1283 2272; x_wconf 85' lang='lat' dir='ltr'>esse</span> <span class='ocrx_word' id='word_1_558' title='bbox 1311 2251 1386 2283; x_wconf 83' lang='lat' dir='ltr'>quae</span> <span class='ocrx_word' id='word_1_559' title='bbox 1415 2240 1576 2272; x_wconf 86' lang='lat' dir='ltr'>conflatur</span> <span class='ocrx_word' id='word_1_560' title='bbox 1604 2251 1647 2272; x_wconf 87' lang='lat' dir='ltr'>ex</span> <span class='ocrx_word' id='word_1_561' title='bbox 1677 2240 1851 2284; x_wconf 69' lang='lat' dir='ltr'>quantovis</span> 
     </span>
     <span class='ocr_line' id='line_1_105' title="bbox 1114 2283 1851 2324; baseline 0.003 -9"><span class='ocrx_word' id='word_1_562' title='bbox 1114 2293 1251 2316; x_wconf 90' lang='lat' dir='ltr'>numero</span> <span class='ocrx_word' id='word_1_563' title='bbox 1264 2294 1431 2315; x_wconf 83' lang='lat' dir='ltr'>servorum</span> <span class='ocrx_word' id='word_1_564' title='bbox 1447 2283 1508 2316; x_wconf 88' lang='lat' dir='ltr'>sub</span> <span class='ocrx_word' id='word_1_565' title='bbox 1517 2284 1683 2316; x_wconf 82' lang='lat' dir='ltr'>communi</span> <span class='ocrx_word' id='word_1_566' title='bbox 1693 2284 1851 2324; x_wconf 84' lang='lat' dir='ltr'>dominio,</span> 
     </span>
     <span class='ocr_line' id='line_1_106' title="bbox 1115 2326 1446 2359; baseline 0.003 -1"><span class='ocrx_word' id='word_1_567' title='bbox 1115 2326 1308 2358; x_wconf 84' lang='lat' dir='ltr'>amolienda.</span> <span class='ocrx_word' id='word_1_568' title='bbox 1324 2326 1358 2359; x_wconf 89' lang='lat' dir='ltr'>ii.</span> <span class='ocrx_word' id='word_1_569' title='bbox 1373 2330 1446 2359; x_wconf 86' lang='lat'>268.</span> 
     </span>
    </p>

    <p class='ocr_par' dir='ltr' id='par_1_50' title="bbox 1110 2369 1852 2748">
     <span class='ocr_line' id='line_1_107' title="bbox 1114 2369 1852 2412; baseline 0.004 -11"><span class='ocrx_word' id='word_1_570' title='bbox 1114 2369 1351 2402; x_wconf 87' lang='lat' dir='ltr'>consuetudine</span> <span class='ocrx_word' id='word_1_571' title='bbox 1387 2369 1545 2412; x_wconf 76' lang='lat' dir='ltr'>temporis</span> <span class='ocrx_word' id='word_1_572' title='bbox 1572 2369 1634 2409; x_wconf 88' lang='lat' dir='ltr'>sui,</span> <span class='ocrx_word' id='word_1_573' title='bbox 1663 2369 1852 2404; x_wconf 62' lang='lat' dir='ltr'>libertatem</span> 
     </span>
     <span class='ocr_line' id='line_1_108' title="bbox 1114 2412 1788 2462; baseline 0.006 -19"><span class='ocrx_word' id='word_1_574' title='bbox 1114 2423 1174 2462; x_wconf 84' lang='lat' dir='ltr'>pro</span> <span class='ocrx_word' id='word_1_575' title='bbox 1190 2412 1328 2455; x_wconf 80' lang='lat' dir='ltr'>imperio</span> <span class='ocrx_word' id='word_1_576' title='bbox 1343 2413 1499 2446; x_wconf 87' lang='lat' dir='ltr'>nominat.</span> <span class='ocrx_word' id='word_1_577' title='bbox 1515 2413 1548 2446; x_wconf 87' lang='lat' dir='ltr'>ii.</span> <span class='ocrx_word' id='word_1_578' title='bbox 1565 2417 1639 2447; x_wconf 81' lang='lat'>272.</span> <span class='ocrx_word' id='word_1_579' title='bbox 1650 2413 1698 2447; x_wconf 82' lang='lat' dir='ltr'>iii.</span> <span class='ocrx_word' id='word_1_580' title='bbox 1718 2417 1788 2447; x_wconf 76' lang='lat'>16³.</span> 
     </span>
     <span class='ocr_line' id='line_1_109' title="bbox 1114 2455 1852 2499; baseline 0.004 -12"><span class='ocrx_word' id='word_1_581' title='bbox 1114 2455 1181 2494; x_wconf 82' lang='lat' dir='ltr'>ille,</span> <span class='ocrx_word' id='word_1_582' title='bbox 1197 2455 1325 2494; x_wconf 87' lang='lat' dir='ltr'>Cicero,</span> <span class='ocrx_word' id='word_1_583' title='bbox 1341 2462 1375 2488; x_wconf 85' lang='lat' dir='ltr'>et</span> <span class='ocrx_word' id='word_1_584' title='bbox 1389 2456 1455 2495; x_wconf 79' lang='lat' dir='ltr'>alii,</span> <span class='ocrx_word' id='word_1_585' title='bbox 1476 2457 1555 2499; x_wconf 85' lang='lat' dir='ltr'>jura</span> <span class='ocrx_word' id='word_1_586' title='bbox 1574 2456 1720 2490; x_wconf 78' lang='lat' dir='ltr'>civitatis</span> <span class='ocrx_word' id='word_1_587' title='bbox 1745 2467 1813 2490; x_wconf 85' lang='lat' dir='ltr'>uon</span> <span class='ocrx_word' id='word_1_588' title='bbox 1829 2467 1852 2490; x_wconf 73' lang='lat' dir='ltr'>a</span> 
     </span>
     <span class='ocr_line' id='line_1_110' title="bbox 1114 2498 1852 2541; baseline 0.005 -11"><span class='ocrx_word' id='word_1_589' title='bbox 1114 2499 1220 2541; x_wconf 85' lang='lat' dir='ltr'>princi</span> <span class='ocrx_word' id='word_1_590' title='bbox 1245 2498 1286 2531; x_wconf 90' lang='lat' dir='ltr'>iis</span> <span class='ocrx_word' id='word_1_591' title='bbox 1312 2505 1437 2531; x_wconf 80' lang='lat' dir='ltr'>naturae</span> <span class='ocrx_word' id='word_1_592' title='bbox 1460 2500 1679 2539; x_wconf 83' lang='lat' dir='ltr'>deduxerunt,</span> <span class='ocrx_word' id='word_1_593' title='bbox 1700 2500 1852 2534; x_wconf 75' lang='lat' dir='ltr'>sedeon-</span> 
     </span>
     <span class='ocr_line' id='line_1_111' title="bbox 1115 2542 1852 2587; baseline 0.004 -14"><span class='ocrx_word' id='word_1_594' title='bbox 1115 2549 1208 2574; x_wconf 85' lang='lat' dir='ltr'>suetu</span> <span class='ocrx_word' id='word_1_595' title='bbox 1234 2542 1319 2574; x_wconf 88' lang='lat' dir='ltr'>inem</span> <span class='ocrx_word' id='word_1_596' title='bbox 1335 2542 1505 2575; x_wconf 86' lang='lat' dir='ltr'>civitatum</span> <span class='ocrx_word' id='word_1_597' title='bbox 1525 2553 1657 2575; x_wconf 82' lang='lat' dir='ltr'>suarum</span> <span class='ocrx_word' id='word_1_598' title='bbox 1674 2543 1852 2587; x_wconf 68' lang='lat' dir='ltr'>musci-ip-</span> 
     </span>
     <span class='ocr_line' id='line_1_112' title="bbox 1115 2585 1851 2624; baseline 0.004 -7"><span class='ocrx_word' id='word_1_599' title='bbox 1115 2590 1229 2617; x_wconf 88' lang='lat' dir='ltr'>serunt</span> <span class='ocrx_word' id='word_1_600' title='bbox 1242 2585 1277 2616; x_wconf 92' lang='lat' dir='ltr'>in</span> <span class='ocrx_word' id='word_1_601' title='bbox 1291 2585 1393 2618; x_wconf 89' lang='lat' dir='ltr'>libros</span> <span class='ocrx_word' id='word_1_602' title='bbox 1413 2597 1499 2619; x_wconf 89' lang='lat' dir='ltr'>suos.</span> <span class='ocrx_word' id='word_1_603' title='bbox 1515 2586 1561 2620; x_wconf 87' lang='lat' dir='ltr'>iii.</span> <span class='ocrx_word' id='word_1_604' title='bbox 1580 2590 1640 2620; x_wconf 86' lang='grc'>168</span> <span class='ocrx_word' id='word_1_605' title='bbox 1653 2586 1851 2624; x_wconf 64' lang='grc' dir='ltr'><strong>ε-Ιίδεηιο.</strong></span> 
     </span>
     <span class='ocr_line' id='line_1_113' title="bbox 1110 2628 1851 2672; baseline 0.005 -13"><span class='ocrx_word' id='word_1_606' title='bbox 1110 2629 1209 2671; x_wconf 85' lang='lat' dir='ltr'>juxta</span> <span class='ocrx_word' id='word_1_607' title='bbox 1237 2628 1341 2667; x_wconf 79' lang='lat' dir='ltr'>illum,</span> <span class='ocrx_word' id='word_1_608' title='bbox 1365 2629 1561 2672; x_wconf 87' lang='lat' dir='ltr'>supponitur</span> <span class='ocrx_word' id='word_1_609' title='bbox 1582 2629 1618 2662; x_wconf 89' lang='lat' dir='ltr'>in</span> <span class='ocrx_word' id='word_1_610' title='bbox 1641 2629 1851 2669; x_wconf 74' lang='lat' dir='ltr'>democratia,</span> 
     </span>
     <span class='ocr_line' id='line_1_114' title="bbox 1113 2671 1851 2748; baseline 0.004 -44"><span class='ocrx_word' id='word_1_611' title='bbox 1113 2677 1148 2704; x_wconf 83' lang='lat' dir='ltr'>et</span> <span class='ocrx_word' id='word_1_612' title='bbox 1161 2682 1263 2748; x_wconf 49' lang='lat' dir='ltr'>gemo</span> <span class='ocrx_word' id='word_1_613' title='bbox 1278 2671 1313 2703; x_wconf 87' lang='lat' dir='ltr'>in</span> <span class='ocrx_word' id='word_1_614' title='bbox 1328 2672 1393 2704; x_wconf 81' lang='lat' dir='ltr'>alia</span> <span class='ocrx_word' id='word_1_615' title='bbox 1406 2672 1550 2706; x_wconf 76' lang='lat' dir='ltr'>civitatis</span> <span class='ocrx_word' id='word_1_616' title='bbox 1574 2673 1680 2706; x_wconf 76' lang='lat' dir='ltr'>forma</span> <span class='ocrx_word' id='word_1_617' title='bbox 1693 2672 1779 2706; x_wconf 82' lang='lat' dir='ltr'>liber</span> <span class='ocrx_word' id='word_1_618' title='bbox 1788 2679 1851 2708; x_wconf 71' lang='lat' dir='ltr'>ast.</span> 
     </span>
     <span class='ocr_line' id='line_1_115' title="bbox 1113 2714 1158 2747; baseline 0 -1"><span class='ocrx_word' id='word_1_619' title='bbox 1113 2714 1158 2747; x_wconf 88' lang='lat' dir='ltr'>ibi</span> 
     </span>
    </p>

    <p class='ocr_par' dir='ltr' id='par_1_51' title="bbox 1112 2757 1852 2931">
     <span class='ocr_line' id='line_1_116' title="bbox 1113 2757 1852 2802; baseline 0.004 -12"><span class='ocrx_word' id='word_1_620' title='bbox 1113 2757 1180 2797; x_wconf 78' lang='lat' dir='ltr'>ille,</span> <span class='ocrx_word' id='word_1_621' title='bbox 1210 2757 1338 2796; x_wconf 86' lang='lat' dir='ltr'>Cicero.</span> <span class='ocrx_word' id='word_1_622' title='bbox 1369 2758 1475 2798; x_wconf 85' lang='lat' dir='ltr'>Plato,</span> <span class='ocrx_word' id='word_1_623' title='bbox 1510 2758 1667 2802; x_wconf 65' lang='lat' dir='ltr'>sophista</span> <span class='ocrx_word' id='word_1_624' title='bbox 1696 2764 1792 2793; x_wconf 79' lang='lat' dir='ltr'>erant</span> <span class='ocrx_word' id='word_1_625' title='bbox 1816 2764 1852 2794; x_wconf 80' lang='lat' dir='ltr'>et</span> 
     </span>
     <span class='ocr_line' id='line_1_117' title="bbox 1112 2801 1851 2846; baseline 0.004 -13"><span class='ocrx_word' id='word_1_626' title='bbox 1112 2801 1276 2833; x_wconf 85' lang='lat' dir='ltr'>anarchiae</span> <span class='ocrx_word' id='word_1_627' title='bbox 1306 2802 1460 2835; x_wconf 84' lang='lat' dir='ltr'>fautores.</span> <span class='ocrx_word' id='word_1_628' title='bbox 1486 2802 1520 2835; x_wconf 87' lang='lat' dir='ltr'>ii.</span> <span class='ocrx_word' id='word_1_629' title='bbox 1544 2802 1851 2846; x_wconf 69' lang='lat' dir='ltr'>2872—tynnnioi-</span> 
     </span>
     <span class='ocr_line' id='line_1_118' title="bbox 1113 2844 1850 2884; baseline 0.004 -7"><span class='ocrx_word' id='word_1_630' title='bbox 1113 2844 1203 2877; x_wconf 87' lang='lat' dir='ltr'>dium</span> <span class='ocrx_word' id='word_1_631' title='bbox 1221 2855 1286 2877; x_wconf 89' lang='lat' dir='ltr'>non</span> <span class='ocrx_word' id='word_1_632' title='bbox 1302 2845 1400 2878; x_wconf 87' lang='lat' dir='ltr'>modo</span> <span class='ocrx_word' id='word_1_633' title='bbox 1412 2844 1550 2884; x_wconf 80' lang='lat' dir='ltr'>licitum,</span> <span class='ocrx_word' id='word_1_634' title='bbox 1561 2845 1620 2878; x_wconf 81' lang='lat' dir='ltr'>sed</span> <span class='ocrx_word' id='word_1_635' title='bbox 1634 2845 1733 2879; x_wconf 77' lang='lat' dir='ltr'>etiam</span> <span class='ocrx_word' id='word_1_636' title='bbox 1748 2845 1850 2880; x_wconf 75' lang='lat' dir='ltr'>maxi-</span> 
     </span>
     <span class='ocr_line' id='line_1_119' title="bbox 1114 2888 1782 2931; baseline 0.006 -11"><span class='ocrx_word' id='word_1_637' title='bbox 1114 2898 1168 2922; x_wconf 83' lang='lat' dir='ltr'>ma</span> <span class='ocrx_word' id='word_1_638' title='bbox 1182 2888 1278 2921; x_wconf 86' lang='lat' dir='ltr'>laude</span> <span class='ocrx_word' id='word_1_639' title='bbox 1293 2888 1431 2931; x_wconf 86' lang='lat' dir='ltr'>dignum</span> <span class='ocrx_word' id='word_1_640' title='bbox 1446 2888 1688 2923; x_wconf 66' lang='lat' dir='ltr'>existimabant.</span> <span class='ocrx_word' id='word_1_641' title='bbox 1700 2888 1782 2924; x_wconf 83' lang='lat' dir='ltr'>ibid.</span> 
     </span>
    </p>
   </div>
   <div class='ocr_carea' id='block_1_7' title="bbox 1972 2365 1982 2711">
    <p class='ocr_par' dir='ltr' id='par_1_52' title="bbox 1972 2365 1982 2711">
     <span class='ocr_line' id='line_1_120' title="bbox 1972 2365 1982 2711; textangle 90"><span class='ocrx_word' id='word_1_642' title='bbox 1972 2549 1982 2711; x_wconf 51' lang='lat' dir='ltr'>cannam-*mnr-</span> <span class='ocrx_word' id='word_1_643' title='bbox 1975 2485 1982 2527; x_wconf 49' lang='grc' dir='ltr'><strong>-.μ’</strong></span> <span class='ocrx_word' id='word_1_644' title='bbox 1976 2437 1982 2472; x_wconf 65' lang='lat'>2..-</span> <span class='ocrx_word' id='word_1_645' title='bbox 1978 2416 1982 2428; x_wconf 83' lang='lat'>-</span> <span class='ocrx_word' id='word_1_646' title='bbox 1976 2383 1982 2404; x_wconf 59' lang='lat'>-1.</span> <span class='ocrx_word' id='word_1_647' title='bbox 1979 2365 1982 2367; x_wconf 93' lang='lat'>.</span> 
     </span>
    </p>
   </div>
   <div class='ocr_carea' id='block_1_8' title="bbox 1968 2958 1982 3204">
    <p class='ocr_par' dir='ltr' id='par_1_53' title="bbox 1968 2958 1982 3204">
     <span class='ocr_line' id='line_1_121' title="bbox 1968 2958 1982 3204; textangle 90"><span class='ocrx_word' id='word_1_648' title='bbox 1970 3075 1982 3204; x_wconf 51' lang='lat' dir='ltr'>..m</span> <span class='ocrx_word' id='word_1_649' title='bbox 1968 2958 1982 3069; x_wconf 49' lang='lat' dir='ltr'>usnem-</span> 
     </span>
    </p>
   </div>
  </div>
 </body>
</html>
