1982 3204
378 268 475 311 230
777 279 1095 313 TRACTATUS
1124 278 1377 313 OPTICUS.

123 401 236 428 ntor.
254 402 329 429 vn.
366 395 670 453 propagata
711 406 930 453 eousque.
1003 390 1174 437 Ductis
1199 390 1350 452 igitur
1373 388 1462 436 EN
1488 394 1536 435 et
1559 387 1640 435 FO
1659 402 1770 450 per-

132 450 320 471 ΒΗ

376 465 771 527 pendicularibus
795 466 858 513 ad
882 466 975 523 EF,
994 466 1087 512 erit
1105 481 1192 527 per
1207 463 1512 528 postulatum
1531 463 1768 526 superius,

377 540 542 587 radius
566 549 862 603 propagatus
895 542 944 587 in
970 540 1129 587 medio
1163 556 1274 587 raro
1312 539 1579 587 secundum
1612 538 1770 601 paral-

376 616 494 663 lelas
518 617 607 663 EN
633 625 682 663 et
707 617 803 664 FO.
875 616 1017 663 Cadit
1042 625 1204 663 autem
1230 616 1335 674 EN,
1362 616 1433 662 ita
1457 622 1511 661 ut
1535 614 1768 676 angulum

376 691 526 739 faciat
558 692 791 754 majorem
818 708 927 739 cum
964 692 1314 755 perpendiculo
1349 692 1437 738 ΕΚ
1465 706 1611 753 quam
1649 689 1768 737 facit

376 766 504 814 linea
533 767 720 815 directa
743 768 842 816 EG.
911 769 974 816 Et
1007 769 1103 827 FO,
1130 768 1366 825 similiter,
1391 767 1510 814 facit
1533 767 1768 829 majorem

375 843 610 905 angulum
650 860 760 891 cum
804 843 895 891 sibi
937 844 1240 892 contermino
1277 841 1687 906 perpendiculari,
1727 841 1768 888 si

376 918 651 977 duceretur,
677 935 821 982 quam
845 919 965 967 facit
991 936 1048 967 ea
1079 936 1186 983 quae
1211 928 1284 966 est
1308 920 1357 966 in
1388 918 1631 965 directum
1656 932 1768 964 cum

375 993 496 1041 BD:
533 995 627 1042 hoc
663 1003 735 1041 est
772 994 1057 1057 refringitur
1097 995 1260 1042 radius
1300 994 1474 1041 EFNO
1514 994 1564 1040 in
1604 999 1768 1056 partes

374 1086 568 1117 aversas
601 1086 630 1117 a
652 1070 1015 1133 perpendiculo.
1084 1071 1195 1118 Jam
1221 1071 1260 1117 si
1283 1086 1372 1132 pro
1398 1070 1501 1127 AB,
1526 1069 1656 1116 linea
1692 1068 1767 1115 lu-

374 1145 459 1202 cis,
498 1154 718 1192 sumatur
763 1145 1049 1207 magnitudo
1092 1145 1225 1192 omni
1275 1143 1613 1207 magnitudine
1653 1158 1767 1206 pro-

373 1220 532 1281 posita
578 1221 753 1276 minor,
800 1220 931 1283 quod
977 1220 1342 1267 demonstratur
1385 1219 1444 1266 de
1492 1219 1623 1266 linea
1667 1218 1767 1266 lata

373 1295 638 1342 ABEFNO
665 1295 1080 1343 demonstrabitur
1105 1297 1164 1343 de
1190 1295 1339 1342 ducta
1374 1294 1526 1342 AEN.
1599 1295 1766 1343 Quare

374 1370 538 1417 radius
579 1370 865 1432 refringitur
906 1371 967 1418 ab
1013 1371 1053 1418 E
1094 1371 1143 1419 in
1186 1371 1250 1428 N,
1275 1370 1326 1417 in
1365 1377 1531 1432 partes
1579 1369 1765 1417 scilicet

373 1461 567 1493 aversas
591 1462 620 1492 a
643 1446 1009 1508 perpendiculo.
1078 1447 1142 1494 Et
1160 1454 1420 1509 propterea
1437 1445 1603 1493 radius
1621 1461 1648 1493 e
1668 1460 1765 1492 me-

375 1521 454 1569 dio
479 1521 632 1569 denso
655 1530 748 1569 etc.
821 1521 969 1570 Quod
993 1530 1100 1569 erat
1117 1521 1441 1585 probandum.

825 1713 1156 1747 PROPOSITIO
1183 1713 1307 1747 VIII.

378 1799 436 1848 Si
459 1800 637 1847 radius
662 1799 853 1847 incidat
879 1801 928 1847 in
955 1799 1163 1864 planum
1191 1799 1341 1847 medii
1373 1797 1606 1856 rarioriS,
1643 1795 1764 1844 tali-s²

437 1882 631 1922 natura.»
660 1882 714 1922 ut
740 1875 961 1939 sac-ilius
983 1882 1311 1940 propagetur
1335 1875 1384 1922 in
1411 1874 1519 1938 ipso
1546 1889 1687 1936 quam
1711 1871 1762 1919 in

438 1951 583 1998 denso
608 1951 732 1998 uncle
746 1951 890 2010 venit,
908 1968 967 1998 ea
981 1950 1311 2015 proportione
1327 1965 1468 2013 quam
1491 1947 1635 1995 habet
1650 1947 1761 1995 dia-

437 2033 587 2073 meter
605 2026 846 2090 quadrati
871 2026 942 2073 ad
962 2026 1097 2073 latus
1113 2026 1344 2089 ejusdem,
1361 2025 1524 2088 sitque
1543 2022 1762 2087 angulus

438 2101 773 2148 inclinationis
809 2101 1131 2148 semireetuss
1166 2117 1260 2148 non
1285 2101 1385 2163 fiet
1426 2098 1672 2163 refracti«)
1710 2098 1761 2146 in

435 2177 593 2224 medio
617 2192 753 2234 raro,
778 2177 873 2224 sed
892 2175 1025 2224 linea
1048 2175 1276 2240 refracta
1300 2176 1398 2223 erit
1423 2175 1473 2222 in
1496 2173 1763 2239 superficie

427 2251 590 2316 plana
614 2251 860 2299 amborum
885 2251 1147 2299 mediorum
1173 2250 1423 2298 communi.

436 2353 511 2400 Sit
533 2352 663 2400 linea
686 2352 806 2399 lucis
831 2352 917 2400 AB
942 2352 992 2399 in
1025 2351 1185 2398 medio
1218 2350 1448 2407 densiori,
1472 2366 1502 2397 a
1525 2365 1621 2412 qua
1644 2365 1758 2413 pro-

366 2437 574 2493 pagetur
589 2428 768 2483 radius,
785 2430 923 2491 cujus
943 2427 1098 2475 latera
1115 2427 1216 2484 ΑΕ,
1229 2427 1316 2474 BD
1334 2424 1759 2489 perpendicularia

366 2506 464 2553 sint
485 2504 547 2552 ad
566 2504 679 2551 AB:
715 2503 901 2551 incidat
925 2511 1087 2550 autem
1113 2502 1241 2549 latus
1266 2502 1351 2549 ΑΕ
1370 2501 1421 2548 in
1445 2501 1646 2564 planum
1668 2500 1756 2548 ΕΙ)

364 2581 434 2628 ita
457 2587 512 2627 ut
541 2579 689 2626 faciat
713 2578 944 2641 angulum
976 2594 1087 2625 cum
1129 2584 1263 2624 recta
1303 2577 1389 2624 ED
1428 2577 1758 2631 semirectum‚

365 2671 539 2719 nempe
564 2654 703 2702 AEL.
744 2654 911 2717 Sitque
935 2653 1149 2700 medium
1174 2652 1300 2700 infra
1323 2653 1409 2700 ED
1435 2652 1591 2699 rarius
1610 2667 1758 2716 quam

366 2731 499 2795 quod
522 2746 683 2794 supra,
708 2730 778 2776 ita
801 2738 855 2777 ut
879 2738 1178 2793 propagetur
1202 2728 1284 2776 lux
1311 2727 1527 2776 velocior
1564 2728 1614 2775 in
1648 2727 1755 2790 ipso

365 2823 511 2871 quam
549 2807 599 2854 in
624 2805 784 2853 medio
810 2805 976 2863 denso,
1002 2821 1061 2853 ea
1092 2804 1410 2869 proportione
1434 2820 1581 2867 quam
1607 2803 1756 2852 habet

366 2883 600 2932 diameter
625 2881 848 2944 quadrati
873 2880 935 2930 ad
959 2882 1087 2936 latus
1115 2880 1348 2944 ejusdem.
1419 2879 1543 2928 Dico
1575 2879 1755 2928 lineam
