1982 3204
381 287 471 330 126
791 297 901 332 Lux
931 297 1356 331 ΜΑΤηΕΜΑΤιοΑ.

90 423 355 450 comnovssn·
375 407 680 471 diagonalem
726 408 833 457 DO.
904 409 1001 457 Sed
1047 409 1141 456 hoc
1186 407 1364 455 falsum
1410 414 1516 455 est:
1563 423 1678 456 nam
1712 415 1761 456 et

154 478 217 503 SIA
238 479 294 504 IX·

125 523 315 547 *Y—-ae

373 483 496 531 bene
521 483 641 531 illud
664 492 779 531 ante
799 484 1234 542 demonstraverat,
1251 494 1301 531 et
1325 499 1416 546 ego
1439 499 1606 531 rursus
1629 484 1760 532 idem

373 559 424 607 in
452 559 799 608 Controversia
822 568 1063 623 praesente
1089 558 1432 608 demonstravi.

441 634 626 683 Contra
648 636 731 683 xiv
755 636 925 699 objicit
948 637 1127 684 iterum
1154 635 1363 698 ineptias
1389 650 1499 682 suas
1523 634 1759 693 radicum,

374 718 422 759 et
453 718 601 775 negat
628 718 912 774 tangentem
949 711 1187 774 graduum
1217 716 1279 758 30
1306 709 1503 772 duplam
1527 725 1633 757 esse
1658 710 1758 758 CO.

374 787 597 836 Quorum
619 787 754 850 prius
771 787 1071 851 prohibitum
1090 795 1165 834 est
1187 785 1251 833 ad
1273 784 1669 832 Controversiam
1686 785 1760 832 iv:

371 862 654 925 posterioris
695 863 996 910 contrarium
1032 862 1082 909 in
1117 868 1358 925 praesente
1410 860 1761 908 Controversia

372 937 824 986 demonstravimus.
886 938 1138 985 Hactenus
1164 936 1335 984 Roseti
1358 936 1482 984 bene
1507 951 1557 983 se
1579 936 1761 984 habent

372 1014 550 1062 omnia.

807 1151 1238 1186 CONTROVERSIA
1263 1152 1319 1184 X.

439 1247 519 1294 De
533 1247 809 1311 prudentia
828 1247 899 1295 ad
917 1247 1131 1295 studium
1149 1246 1428 1311 geometriae
1458 1246 1758 1294 necessaria.

375 1337 637 1371 Rosn'rUM
663 1339 741 1381 XV,
766 1323 862 1370 xvi,

439 1397 731 1455 Hobbesius,
756 1414 816 1445 ex
838 1397 1054 1445 Euclidis
1077 1396 1230 1444 Elem.
1251 1412 1294 1442 v.
1323 1395 1418 1443 def.
1440 1401 1485 1453 5,
1503 1396 1758 1454 rationem,

370 1473 542 1537 inquit,
568 1473 750 1521 habere
773 1473 902 1521 inter
925 1490 979 1520 se
1011 1473 1253 1530 dicuntur,
1278 1488 1388 1536 quse
1403 1478 1618 1536 possunt
1640 1471 1761 1520 mul-

368 1548 618 1614 tiplieatoe
642 1565 697 1596 se
714 1555 877 1596 mutuo
895 1564 1153 1612 superare.
1207 1547 1328 1595 Inde
1347 1547 1494 1594 infert
1512 1563 1570 1594 ex
1587 1547 1760 1596 eodem

369 1624 587 1681 Euclide,
613 1624 741 1671 inter
765 1623 945 1671 lineam
967 1630 1017 1670 et
1040 1622 1345 1687 superficiem
1377 1622 1618 1670 rationem
1650 1639 1760 1671 esse

368 1699 553 1748 nullam
572 1718 589 1747 .·
614 1699 746 1762 quod
765 1699 1068 1747 verissimum
1093 1706 1180 1756 est,
1203 1698 1243 1746 si
1266 1697 1394 1746 linea
1417 1698 1478 1745 sit
1501 1697 1758 1762 longitudo

368 1776 474 1823 sine
510 1775 784 1823 latitudine.
855 1775 1183 1838 Multiplicata
1223 1774 1353 1821 enim
1400 1773 1654 1837 longitudo
1694 1790 1757 1822 ne

366 1851 616 1899 minimam
656 1851 855 1915 quidem
890 1851 1195 1914 superficiem
1234 1865 1450 1913 unquam
1491 1850 1754 1914 superabit.

367 1926 441 1973 Ex
467 1942 563 1990 quo
588 1926 820 1989 sequitur,
845 1942 874 1973 a
895 1926 1024 1973 linea
1046 1925 1109 1973 ad
1133 1925 1454 1988 superficiem,
1494 1931 1544 1972 et
1568 1933 1756 1982 contra,

367 2010 712 2065 argumentum
731 2017 874 2048 omne
898 2017 1001 2048 esse
1025 2000 1305 2048 invalidum.
1361 2000 1536 2064 Neque
1559 2000 1611 2049 id
1634 2009 1755 2064 puto

366 2086 662 2142 negaturum
699 2093 804 2124 esse
827 2076 1113 2124 VVallisium.
1184 2076 1389 2134 Deinde,
1414 2091 1476 2124 ne
1510 2076 1757 2125 videretur

366 2163 665 2217 anteponere
702 2152 1089 2200 mensurationes
1125 2152 1521 2200 mechanicorum
1553 2152 1755 2200 demon-

365 2229 684 2278 strationibus
730 2228 1203 2286 mathematicorum,
1245 2227 1531 2291 subjungit:
1587 2227 1756 2292 Neque

364 2305 468 2354 hoee
500 2305 625 2364 dico,
650 2304 786 2370 quod
810 2303 1115 2351 mechanicas
1146 2302 1462 2367 operationes
1486 2317 1589 2366 pro
1626 2302 1751 2367 legi-

367 2380 500 2429 timis
537 2377 1027 2428 demonstrationibus
1065 2377 1313 2425 admissas
1359 2376 1502 2424 velim
1521 2394 1539 2424 .·
1574 2377 1668 2424 sed
1703 2377 1753 2425 in

365 2455 496 2504 omni
519 2455 778 2519 quastione
799 2453 1100 2519 geometrica
1135 2452 1283 2500 multo
1317 2451 1620 2516 prudentius
1644 2469 1753 2500 esse

365 2531 608 2590 existimo,
655 2537 772 2578 ante
809 2529 1088 2578 mechania-e
1129 2526 1467 2586 mensurand0‚
1506 2528 1751 2592 magnitu-

364 2607 524 2655 dinem
569 2605 833 2670 quaesitam,
880 2610 1108 2669 quantum
1143 2602 1272 2666 fieri
1314 2608 1501 2668 potest,
1548 2603 1752 2652 veritati

353 2682 638 2748 proximam
684 2679 892 2744 assequi,
940 2685 990 2727 et
1035 2678 1213 2726 deinde
1256 2693 1456 2725 causam
1498 2677 1752 2742 inquirere

353 2756 771 2824 propinquitatis,
803 2772 912 2820 quoe
947 2754 1142 2802 inventa
1179 2753 1440 2801 veritatem
1478 2759 1565 2800 aut
1582 2753 1750 2816 salsi-

362 2840 514 2882 tatem
537 2833 757 2897 deteget,
775 2848 915 2896 quam
935 2837 1116 2879 temere
1140 2830 1343 2878 credens
1362 2828 1561 2877 incertoe
1575 2829 1750 2895 logicat

361 2909 442 2957 vel
463 2908 709 2974 logisticoe
743 2924 842 2956 suce
870 2906 950 2956 vel
987 2905 1278 2955 authoritati
1301 2904 1528 2964 aliorum,
1553 2922 1615 2954 ea
1638 2922 1749 2971 quoe
