1982 3204
453 245 549 288 288
1005 258 1302 291 EPISTOLAE.

183 369 357 440 {obtem
374 373 410 400 aa
448 366 630 429 angulo
676 367 822 426 ABC,
871 368 975 416 sine
1023 369 1357 417 destructione
1398 369 1680 433 hypothesis
1725 386 1842 419 suae.

199 423 389 482 Q
449 441 597 489 Quod
620 443 812 506 negavi.
884 443 1096 492 Quando
1127 444 1257 491 enim
1280 444 1380 507 pila
1403 461 1509 508 quae
1532 452 1757 493 movetur
1779 446 1841 494 ab

445 518 491 565 A
513 534 682 566 versus
706 519 746 566 B
775 521 1053 583 pervenerit
1090 520 1154 567 ad
1187 521 1243 575 B,
1275 520 1438 582 perdit
1476 520 1842 569 determinatio-

444 609 574 650 nem,
615 594 715 642 sive
752 595 894 653 viam,
934 611 1080 658 quam
1117 595 1332 642 habebat
1373 595 1602 643 deorsum
1639 596 1700 643 ab
1743 597 1838 644 AH

442 685 610 717 versus
633 669 744 717 CB:
781 678 936 718 restat
961 686 1078 733 ergo
1106 671 1451 718 determinatio
1477 688 1585 734 quae
1619 672 1841 719 dextror-

443 760 549 791 sum
575 754 680 793 erat
699 746 759 792 ab
778 745 862 792 AC
877 761 1045 792 versus
1068 746 1160 792 ΗΒ
1180 764 1190 792 z
1216 746 1457 793 retinetur
1476 755 1639 794 autem
1659 746 1839 809 gradus

441 819 715 868 velocitatis
753 837 898 884 quam
936 821 1148 868 habebat
1180 821 1241 868 ab
1266 821 1439 869 initio:
1477 822 1568 869 ibit
1602 822 1753 884 igitur
1776 823 1839 870 ad

442 895 886 943 circumferentiam
907 897 1079 944 circuli
1103 897 1151 944 in
1173 897 1229 944 G.
1281 897 1514 959 Oportuit
1533 898 1684 960 igitur
1701 897 1836 945 illum

442 971 777 1020 demonstrare
809 972 939 1035 quod
972 980 1164 1021 retenta
1187 973 1445 1021 velocitate
1476 973 1668 1035 integra
1691 989 1838 1036 quam

441 1047 655 1095 habebat
678 1048 738 1094 ab
757 1048 801 1094 A
819 1063 987 1095 versus
1013 1049 1069 1106 B,
1086 1048 1382 1111 impossibile
1406 1058 1534 1096 esset
1556 1049 1704 1112 pilam
1728 1065 1836 1112 pro-

441 1123 626 1170 moveri
649 1123 845 1185 longius
874 1123 924 1170 in
960 1123 1131 1170 eadem
1157 1124 1566 1172 determinatione
1604 1140 1750 1187 quam
1773 1125 1837 1172 ad

440 1198 506 1245 E:
531 1198 662 1261 quod
684 1197 845 1245 facere
868 1214 966 1245 non
991 1199 1165 1261 potuit,
1182 1199 1276 1247 nisi
1299 1199 1642 1247 determinatio
1666 1200 1751 1248 illa
1772 1201 1835 1248 ab

439 1274 486 1321 A
508 1289 675 1321 versus
702 1274 750 1320 H
778 1282 1053 1322 sumeretur
1080 1291 1169 1338 pro
1204 1283 1358 1323 motu.
1428 1275 1525 1323 Sed
1556 1284 1607 1323 et
1638 1276 1740 1339 ipse
1763 1276 1834 1324 vi-

441 1349 585 1397 detur
608 1349 1067 1397 determinationem
1100 1350 1234 1398 illam
1257 1350 1531 1414 intelligere
1554 1367 1645 1414 pro
1669 1360 1832 1400 motu:

440 1425 671 1487 quoniam
695 1425 745 1472 in
770 1424 1188 1473 demonstratione
1226 1427 1330 1489 ejus
1353 1426 1579 1475 attribuit
1610 1427 1656 1474 ei
1680 1443 1833 1491 quan-

439 1501 648 1548 titatem.
721 1500 1078 1549 Determinatio
1120 1501 1266 1559 enim,
1310 1502 1412 1549 sive
1449 1502 1529 1549 via
1567 1502 1696 1565 pilae,
1733 1519 1833 1552 non

436 1576 587 1624 habet
629 1577 968 1639 quantitatem,
1007 1577 1100 1625 nisi
1139 1586 1379 1641 quatenus
1419 1578 1687 1627 secundum
1725 1595 1833 1629 eam

435 1652 536 1715 pila
557 1652 738 1700 lineam
773 1652 1009 1700 describit
1044 1661 1183 1701 tanta
1205 1654 1283 1701 vel
1313 1655 1481 1702 tanta*
1507 1655 1829 1718 longitudine.

435 1728 545 1775 Jam
571 1744 705 1786 vero,
727 1729 767 1775 si
787 1728 1219 1777 determinationes
1243 1730 1339 1778 illae
1363 1730 1488 1788 duae,
1507 1731 1831 1794 perpendicu-

435 1804 552 1851 laris
577 1812 627 1851 et
650 1804 881 1862 lateralis,
907 1805 1006 1853 sint
1030 1813 1207 1863 motus,
1229 1806 1543 1854 manifestum
1567 1814 1642 1854 est
1663 1806 1828 1870 pilam,

438 1880 634 1942 quando
653 1880 789 1928 venit
807 1880 871 1928 ad
896 1880 951 1939 Β,
972 1881 1178 1944 perdere
1197 1890 1389 1945 partem
1413 1881 1545 1929 illam
1569 1890 1730 1930 motus
1755 1883 1830 1930 sui

437 1971 583 2018 quam
617 1956 830 2004 habebat
863 1956 925 2003 ab
959 1958 1002 2004 A
1026 1972 1194 2005 versus
1223 1957 1276 2005 C.
1348 1957 1562 2021 Ideoque
1596 1966 1708 2021 post
1738 1958 1828 2006 im-

435 2038 635 2093 pactum
658 2031 708 2078 in
729 2031 769 2079 B
790 2031 950 2079 minus
967 2031 1200 2080 velociter
1218 2032 1375 2080 fertur
1392 2049 1536 2097 quam
1555 2040 1692 2081 ante:
1718 2050 1828 2097 quae

436 2114 509 2154 est
544 2107 758 2170 propriae
799 2107 1084 2170 hypothesis
1125 2107 1411 2155 destructio.
1485 2108 1633 2157 Quod
1672 2109 1826 2168 addit,

433 2182 583 2231 talem
625 2191 787 2231 motus
825 2182 1200 2230 diminutionem
1235 2199 1342 2230 esse
1373 2191 1545 2231 contra
1573 2185 1826 2247 experien-

434 2257 571 2316 tiam,
598 2259 712 2321 quia
734 2258 957 2306 videmus
977 2274 1035 2305 ea
1053 2274 1163 2321 quae
1187 2258 1412 2306 incidunt
1435 2259 1486 2306 in
1512 2266 1692 2307 terram
1718 2276 1827 2323 per-

432 2332 816 2396 pendiculariter
851 2334 913 2381 ad
942 2333 1346 2397 perpendiculum
1379 2350 1649 2398 resurgere,
1674 2337 1826 2384 miror

433 2409 681 2471 quomodo
706 2410 767 2457 ab
787 2409 1089 2473 experientia
1111 2409 1224 2457 sciri
1248 2418 1412 2472 potest
1435 2419 1600 2458 utrum
1624 2411 1824 2460 reflexio

431 2483 539 2532 haec
575 2484 638 2531 ad
677 2484 1083 2548 perpendiculum
1119 2485 1206 2532 fiat
1245 2485 1306 2533 ab
1340 2501 1398 2532 eo
1436 2486 1569 2548 quod
1599 2487 1734 2536 nulla
1767 2488 1825 2536 fit

431 2566 593 2607 motus
623 2560 832 2622 jactura,
858 2576 921 2608 an
944 2576 1060 2608 vero
1086 2576 1115 2608 a
1139 2566 1299 2608 motus
1333 2561 1668 2609 restitutione:
1707 2579 1822 2611 nam

431 2634 562 2682 idem
581 2636 783 2683 effectus
807 2637 913 2683 fieri
937 2643 1101 2700 potest
1119 2636 1303 2684 utrovis
1321 2636 1483 2685 modo.
1530 2637 1714 2686 Verum
1729 2647 1821 2695 est,

431 2710 564 2773 quod
579 2711 880 2774 experientia
896 2712 1041 2760 docet
1057 2712 1165 2760 fieri
1179 2712 1494 2760 reflexionem
1512 2728 1599 2777 per
1616 2714 1821 2777 angulos

431 2786 660 2850 aequaleS,
685 2786 771 2835 sed
794 2803 893 2835 non
919 2804 948 2836 a
971 2804 1068 2851 qua
1091 2803 1253 2836 causa.

1041 2931 1063 2952 *
1096 2930 1171 2970 Sic.
