1982 3204
577 296 689 330 ιω(
717 293 1135 329 ΜΑΤΗΕΜΑΤῙΟΑ.
1453 283 1540 326 119

235 407 477 462 Secunde,
496 408 629 471 quod
648 408 800 471 majus
818 412 1122 470 segmentum
1140 404 1304 452 lateris
1320 404 1542 467 quadrati
1559 420 1819 448 commvn-

167 483 419 531 subtendit
448 484 668 547 quintam
700 491 890 547 partem
925 480 1094 529 circuli
1128 480 1423 527 transeuntis
1457 495 1543 543 per
1595 474 1683 531 ,⁸¹³
1706 474 1784 530 '¹¹3

165 559 429 623 pentagoni
453 559 657 615 stellam,
681 559 731 606 id
753 567 842 616 est,
866 572 954 621 per
976 555 1209 604 terminos
1234 554 1401 602 decem
1424 555 1543 603 late-

167 649 277 682 rum
300 635 513 698 quinque
537 634 752 698 ejusdem
783 632 1006 697 quadrati
1028 630 1194 680 lateris
1217 630 1345 678 EF&

233 709 417 767 Tertio,
454 709 642 757 radium
682 709 745 757 Ta·
783 708 1108 771 compositum
1148 721 1252 754 esse
1290 721 1350 753 ex
1382 705 1448 752 TI
1494 712 1544 753 et

168 784 369 833 dimidio
392 785 591 832 minoris
613 783 867 847 segmenti,
891 782 942 830 id
973 791 1062 839 est,
1087 780 1301 828 dimidiae
1324 779 1542 828 semidia-

169 860 313 908 metri
346 859 514 908 circuli
548 858 808 906 ambientis
840 865 1173 921 pentagonum
1204 855 1387 918 Xsyzr.
1456 855 1546 976 E}

168 935 299 984 enim
319 935 407 983 TK
427 934 626 982 dimidia
649 933 846 996 majoris
865 931 1104 995 segmenti
1123 930 1263 979 divisi
1287 930 1452 978 lateris
1466 930 1506 977 E

167 1018 386 1059 extrema
415 1018 466 1057 et
501 1009 662 1057 media
694 1009 901 1066 ratione,
937 1016 987 1055 et
1020 1007 1075 1070 ,ψ’
1110 1005 1311 1054 dimidia
1345 1006 1545 1054 minoris

167 1086 420 1150 segmenti,
445 1093 494 1134 et
517 1085 724 1149 angulus
750 1084 855 1132 ΚιΤ
879 1084 1050 1147 quinta
1072 1098 1184 1146 pars
1206 1081 1346 1130 recti.

582 1257 1002 1294 coN'rROVERsrA
1033 1257 1132 1290 vu.

236 1346 318 1394 De
332 1345 605 1411 polygonis
627 1342 963 1409 regularibus.
1016 1356 1216 1391 Rosn'rl
1240 1358 1379 1406 prop.
1394 1341 1461 1389 iii.
1481 1342 1544 1388 iv.

237 1447 508 1510 Propositio
554 1446 657 1493 haec
708 1445 776 1503 iii,
822 1443 1075 1506 multiplex
1127 1450 1178 1491 et
1227 1443 1545 1506 longiuscula,

168 1523 332 1588 plures
354 1522 500 1570 habet
523 1522 726 1585 figuras:
752 1519 838 1567 sed
861 1535 980 1583 quas
1003 1534 1101 1566 non
1124 1525 1197 1566 est
1219 1518 1547 1565 necessarium

170 1598 385 1647 hocloco
401 1612 649 1645 renovare.
685 1595 868 1659 Objicit
882 1594 1128 1642 Wallisius
1143 1602 1313 1641 contra
1326 1609 1465 1656 prop.
1476 1592 1546 1650 iii,

170 1673 302 1738 quod
331 1673 509 1721 dixerit
544 1672 820 1720 Hobbesius
857 1669 1064 1718 chordas
1094 1669 1142 1717 in
1169 1668 1340 1717 eodem
1363 1668 1547 1716 circulo

169 1750 268 1799 suis
290 1749 499 1797 arcubus
523 1763 628 1795 esse
659 1745 1062 1810 proportionales.
1131 1745 1365 1793 Attamen
1387 1745 1439 1791 in
1463 1743 1548 1791 de-

170 1824 522 1874 monstratione
544 1823 642 1880 illa,
666 1838 775 1885 quae
799 1821 1055 1884 diligenter
1082 1828 1131 1868 et
1161 1836 1288 1883 saepe
1311 1836 1341 1867 a
1363 1836 1441 1867 me
1465 1835 1547 1866 ex-

169 1901 385 1949 aminata
403 1907 493 1955 est,
513 1898 563 1946 id
578 1898 710 1961 quod
724 1897 892 1960 objicit
910 1897 1126 1945 invenire
1143 1912 1380 1971 nusquam
1395 1896 1548 1959 potui.

171 1976 340 2025 Inveni
363 1975 575 2038 quidem,
600 1973 718 2021 duas
749 1981 907 2021 rectas
930 1989 1038 2036 quae
1069 1979 1183 2020 sunt
1212 1972 1340 2019 inter
1362 1987 1413 2018 se
1437 1979 1493 2018 ut
1517 1977 1548 2018 8

170 2051 233 2100 ad
267 2055 315 2110 7,
343 2051 383 2099 si
417 2050 724 2113 applicentur
762 2049 812 2096 in
852 2048 1025 2096 eodem
1065 2047 1247 2095 circulo
1281 2047 1359 2094 vel
1400 2062 1551 2094 curva

170 2127 341 2176 eadem
365 2141 669 2190 quacunque,
705 2141 803 2172 non
838 2132 1027 2172 mutare
1057 2122 1440 2187 proportionem,
1464 2121 1551 2169 sed

169 2202 276 2251 fore
298 2202 477 2266 ubique
501 2210 552 2249 et
586 2215 777 2263 semper
809 2206 865 2247 ut
897 2205 927 2248 8
958 2198 1022 2247 ad
1045 2202 1091 2253 7.
1161 2197 1360 2245 Invenio
1385 2197 1549 2254 etiam,

173 2277 293 2326 duas
325 2285 486 2325 rectas
522 2276 729 2340 aequales
757 2275 809 2323 in
845 2274 1063 2338 ejusdem
1099 2273 1269 2321 circuli
1294 2272 1550 2320 circumfe-

172 2355 331 2402 rentia
351 2352 636 2417 applicatas,
665 2366 769 2399 esse
803 2350 932 2398 inter
962 2365 1014 2398 se
1046 2357 1102 2397 ut
1131 2364 1273 2397 arcus
1295 2364 1417 2411 quos
1440 2348 1549 2395 sub·

172 2429 397 2478 tendunt.
466 2428 608 2486 Item,
632 2427 673 2474 si
697 2427 795 2474 sint
820 2433 966 2474 rectae
989 2425 1197 2489 aequales
1220 2425 1476 2488 applicatae
1499 2424 1551 2471 in

173 2503 567 2552 circumferentia
596 2501 813 2566 ejusdem
847 2501 1017 2549 circuli
1040 2509 1366 2564 quotcunque,
1390 2499 1552 2547 sciunt

175 2594 344 2627 omnes
366 2578 472 2626 illas
493 2578 544 2625 in
562 2577 733 2626 eadem
750 2591 856 2624 esse
873 2576 1062 2624 ratione
1081 2591 1191 2623 cum
1209 2575 1308 2623 suis
1325 2576 1547 2622 arcubus.

177 2653 250 2702 De
273 2654 633 2717 comparatione
656 2651 948 2700 chordarum
970 2650 1283 2714 inaequalium
1304 2650 1355 2697 in
1379 2650 1551 2698 eodem

177 2728 376 2788 circulo,
415 2745 652 2793 nusquam
690 2727 920 2791 loquitur.
989 2725 1214 2775 Procedit
1253 2725 1451 2773 tandem
1487 2724 1550 2772 ad

705 2902 728 2924 ⁸
760 2900 826 2940 Sic
843 2901 934 2940 edit.
961 2900 1073 2939 1672.
