1982 3204
370 265 465 310 382
931 276 1198 310 H1sTon1A

427 386 565 439 Quam
585 399 718 442 genus
739 385 968 428 humanum
990 387 1083 429 luce
1103 389 1228 429 beare
1249 401 1324 429 sua
1342 404 1350 428 :

370 451 431 493 Et
452 458 548 507 post
567 458 788 502 terrarum,
809 453 1007 495 coelorum
1030 469 1219 509 quaererc
1239 469 1417 510 regnum
1437 471 1445 495 :

428 517 494 560 Ut
514 532 698 573 serpens,
720 518 910 574 sapiens3
943 519 1227 575 simplicitate,
1245 535 1361 575 puer.

367 584 446 626 Pr.
479 584 560 637 τῷδ’
580 585 698 634 ἕτερον
716 584 785 636 μὲν
806 585 909 624 ’ἔδωκε
929 587 1057 634 πάτηρ,
1073 586 1196 636 ἕτερον
1217 586 1429 625 δ’ὰνενεύσε.

425 648 595 706 Nempe
616 650 762 692 datum
782 651 900 706 prius
921 659 997 702 est,
1020 651 1230 707 posterius
1250 651 1434 694 minime.

369 715 526 759 Omnia
545 716 780 760 Pontifices
802 724 1055 773 superarunt
1075 717 1286 768 cnodula¹‚
1308 724 1520 773 quotquot

425 781 633 826 Producit
652 783 791 834 tellus,
813 784 1044 827 calliditate
1065 799 1154 826 sua.

371 846 456 891 Sed
475 863 653 905 regnum
674 849 846 905 duplex,
872 850 1050 891 Car-nale
1070 856 1114 892 et
1134 849 1376 905 Spirituale,

425 914 527 957 Non
547 914 688 957 nimiae
709 915 876 971 signum
898 915 1178 971 simplicitatis
1199 922 1302 957 erat.

368 980 414 1022 N
417 996 464 1023 ec
485 980 623 1037 Papas
645 982 789 1024 credas
809 982 943 1038 egisse
964 996 1038 1037 per
1058 981 1144 1023 otia
1163 981 1286 1030 vitas,

425 1046 522 1090 Nec
545 1047 658 1102 quod
678 1047 890 1104 agendum
910 1047 1024 1090 ultra
1043 1047 1103 1089 nil
1123 1047 1308 1089 habuere
1329 1054 1465 1102 putes.

368 1113 487 1156 Vota
506 1114 725 1156 hominum
745 1129 909 1170 semper
929 1113 1039 1156 votis
1059 1120 1270 1170 augentur
1289 1113 1451 1169 adeptis
1470 1128 1479 1152 :

427 1180 645 1223 Accedens
666 1186 807 1236 partas
828 1180 948 1236 copia
967 1187 1106 1222 servat
1126 1195 1239 1236 opes.

369 1246 564 1289 Piscator
584 1246 750 1288 solitam
771 1261 855 1288 non
876 1245 1040 1301 spernit
1060 1246 1235 1288 callidus
1255 1253 1403 1297 artem,

427 1312 661 1367 Quantavis
681 1312 822 1368 praeda
840 1312 1003 1355 retibus
1023 1312 1239 1368 implicita.

369 1378 458 1421 Res
479 1379 569 1436 agit
589 1378 660 1421 ille
677 1394 772 1421 suas
792 1393 967 1435 semper.
1028 1378 1116 1422 Vel
1135 1379 1242 1422 retia
1261 1380 1400 1431 sarcit,

429 1445 475 1487 Si
497 1460 582 1501 quo
602 1445 795 1502 perrupit
813 1461 967 1502 magna
985 1445 1136 1488 balena
1154 1445 1269 1489 loco:

369 1511 468 1554 Aut
482 1512 627 1555 hamos
642 1512 820 1554 fortasse
840 1527 969 1554 novas
989 1512 1219 1555 meditatur
1238 1519 1282 1555 et
1302 1528 1416 1556 escas

426 1578 634 1628 Piscibus,
656 1584 732 1620 aut
751 1577 924 1634 aliquod
943 1585 1111 1621 nectere
1131 1579 1291 1622 fraudis
1311 1595 1438 1636 opus:

368 1644 463 1686 Aut
482 1644 566 1686 illis
586 1643 763 1700 placitos
784 1658 974 1687 escarum
994 1644 1192 1687 adhibere
1213 1645 1385 1696 colores,

424 1710 572 1753 Noxia
592 1710 662 1753 vel
681 1709 827 1753 nitidis
848 1710 1071 1767 pharmaca
1091 1710 1246 1766 quaerit
1265 1711 1399 1767 aquis.

370 1775 612 1832 Omniaque
633 1775 795 1819 emissis
815 1782 1030 1819 scrutatur
1048 1776 1173 1819 litora
1193 1777 1337 1828 servis,

426 1843 532 1897 Quae
549 1842 675 1900 fugit,
697 1849 742 1885 et
763 1857 861 1898 quae
883 1842 979 1898 quis
999 1842 1126 1885 litora
1145 1843 1270 1899 piscis
1289 1850 1414 1886 amat.

1648 919 1755 957 1240

1649 1582 1757 1622 1250

368 1909 480 1951 Tum
501 1924 620 1964 quos,
642 1915 687 1951 et
707 1908 875 1964 quibus,
892 1915 936 1951 et
958 1909 1108 1964 quanti
1126 1909 1295 1961 vendat,
1316 1926 1426 1953 nova
1445 1925 1546 1953 cura
1565 1917 1649 1952 est:

426 1975 487 2018 Et
506 1991 663 2019 mensae
683 1975 818 2032 pisces
839 1990 946 2031 quos
965 1975 1148 2018 retinere
1168 1991 1278 2019 suae:

367 2042 483 2097 Quos
503 2042 588 2086 sale
608 2048 872 2099 conspergat,
894 2042 1101 2098 compluti
1122 2058 1229 2098 quos
1249 2043 1334 2086 sale
1354 2043 1479 2086 duret
1496 2059 1506 2093 ς

420 2109 482 2151 Et
502 2109 597 2165 quis
618 2124 878 2152 marcescens
899 2108 1161 2164 abjiciendus
1183 2109 1276 2152 erit.

367 2175 494 2218 Adde
515 2175 630 2231 quod
650 2182 694 2218 et
713 2175 861 2218 multis
881 2190 983 2218 cura
1002 2182 1079 2226 est,
1101 2182 1145 2218 et
1164 2175 1360 2226 maxima,
1382 2176 1493 2218 natis

424 2240 733 2284 Perduraturas
753 2241 962 2284 aedificare
982 2256 1109 2284 casas.

367 2307 659 2351 Circumstant
678 2307 835 2351 similes
853 2322 966 2350 curae
990 2307 1177 2364 Papam3
1210 2307 1453 2362 similesque

425 2374 512 2415 Ars
532 2380 596 2416 est
614 2391 625 2423 ς
659 2379 703 2416 et
723 2388 888 2430 semper
907 2388 974 2416 res
994 2373 1084 2430 agit
1103 2373 1174 2416 ille
1195 2388 1302 2415 suas.

370 2439 685 2495 Princibusque
705 2446 827 2496 parat
847 2454 957 2482 nova
977 2439 1148 2483 vincula
1166 2439 1397 2496 relligionis

425 2505 605 2557 Tenuia,
629 2521 725 2561 quae
745 2505 875 2549 faciet
894 2505 1022 2549 sortia
1041 2505 1258 2549 stultities.

367 2571 673 2628 Doctrinisque
689 2571 811 2615 novis
831 2572 972 2623 sarcit,
995 2572 1030 2615 si
1050 2572 1238 2629 postulat
1257 2588 1372 2624 usus,

425 2639 524 2681 Aut
543 2638 679 2682 levius
699 2638 840 2681 reddit
858 2638 1088 2695 relligionis
1108 2654 1224 2682 onus.

370 2706 465 2748 Aut
485 2704 656 2762 aliquod
676 2711 913 2747 monstrum
935 2704 1151 2756 doctrinae,
1173 2720 1197 2748 e
1217 2705 1375 2762 pyxide
1397 2706 1551 2758 Circes,

425 2771 575 2822 Ornat,
596 2771 657 2814 ita
676 2777 726 2813 ut
746 2770 942 2827 Pytheus
962 2771 1151 2814 crederet
1170 2786 1259 2815 esse
1279 2788 1414 2815 suum.

640 2905 648 2924 ¹
679 2906 878 2950 [κνώδαλον,
896 2904 1010 2939 (tescia.
1062 2906 1148 2941 Vide
1166 2907 1432 2950 mussan-um]

1647 2243 1756 2283 1260
