1982 3204
591 291 910 327 TnAo'rA'rus
938 290 1188 326 omens,
1486 284 1576 328 231

189 402 452 527 {effaetam
476 403 581 452 fore
605 403 718 462 EM,
743 419 920 468 nempe
940 405 1185 468 jacentem
1218 404 1267 452 iu
1306 404 1412 467 ipso
1435 404 1583 468 plano

257 1771 504 1821 Quoniam
546 1773 678 1821 enim
716 1773 925 1837 angulus
972 1770 1103 1822 AEL
1142 1779 1216 1820 est
1254 1771 1577 1830 semi-rectus,

188 1846 285 1896 erit
329 1863 524 1912 quoque
565 1848 693 1897 CED
739 1849 1072 1897 semi-rectus:
1115 1855 1165 1896 et
1211 1847 1327 1911 quia
1369 1848 1578 1910 angulus

189 1922 319 1972 ECD
365 1932 440 1972 est
479 1932 659 1983 rectus,
707 1925 802 1973 erit
848 1925 977 1972 CDE
1022 1924 1341 1972 semi-rectus.
1412 1923 1578 1972 Quare

187 2006 339 2047 rectae
362 1998 464 2058 CD,
480 1999 560 2047 CE
585 2009 701 2048 sunt
724 2000 953 2064 aequales.
1008 1999 1096 2048 Est
1113 2015 1232 2063 ergo
1257 1998 1436 2046 CDEH
1463 2014 1581 2061 qua·

189 2073 401 2133 dratum,
425 2083 475 2123 et
510 2085 567 2123 ut
605 2075 695 2124 CH
722 2075 961 2124 diameter
997 2075 1062 2123 ad
1098 2074 1184 2122 CD
1215 2073 1358 2131 latuS‚
1382 2073 1452 2121 ita
1476 2073 1578 2131 CD,

187 2149 267 2198 vel
288 2149 394 2209 AB,
408 2150 486 2198 vel
504 2150 616 2208 ΕΗ,
631 2151 695 2199 ad
711 2150 798 2200 CK
816 2152 894 2200 vel
919 2150 1036 2199 KH.
1089 2149 1391 2215 Supponitur
1413 2157 1579 2197 autem

187 2240 500 2291 progressum
518 2226 641 2275 lucis
659 2227 710 2275 in
728 2227 890 2276 medio
899 2243 1011 2276 raro
1020 2226 1202 2275 habere
1210 2225 1579 2289 proportionem

188 2299 255 2350 ad
275 2316 586 2367 progressum
610 2302 662 2350 in
686 2302 854 2360 denso,
883 2318 1028 2366 quam
1068 2301 1219 2350 habet
1255 2300 1493 2348 diameter
1515 2299 1581 2348 ad

188 2373 336 2436 latus,
380 2376 475 2425 hoc
520 2385 610 2436 est,
657 2377 760 2437 CD,
804 2377 883 2426 vel
927 2376 1040 2435 ΕΗ,
1076 2376 1154 2424 vel
1199 2375 1304 2430 AB,
1349 2375 1413 2423 ad
1459 2374 1574 2422 KH.

193 2448 404 2500 Quando
431 2467 550 2515 ergo
581 2453 820 2500 terminus
848 2452 973 2500 lucis
995 2452 1040 2499 A
1063 2459 1138 2499 est
1172 2451 1224 2498 in
1260 2451 1317 2508 E,
1341 2450 1579 2498 terminus

194 2523 237 2573 B
261 2525 380 2589 (qui,
403 2526 445 2574 si
461 2526 674 2575 medium
698 2543 800 2575 non
820 2535 947 2575 esset
968 2535 1227 2584 mutatum,
1247 2525 1449 2574 deberet
1472 2541 1579 2574 esse

190 2597 244 2647 in
268 2598 335 2657 H,
356 2598 612 2651 immersus
642 2602 977 2665 profunditate
1001 2601 1124 2663 KH)
1164 2601 1258 2649 erit
1280 2608 1580 2665 propagatus

190 2671 255 2721 ad
286 2673 352 2731 N,
379 2674 450 2723 ita
478 2683 538 2724 ut
570 2677 880 2741 profunditas
912 2678 1018 2740 ejus
1046 2678 1148 2726 sive
1184 2676 1420 2724 distantia
1450 2676 1582 2723 inter

189 2748 278 2797 ΕΙ)
300 2758 351 2798 et
372 2749 481 2810 GN,
511 2766 688 2816 nempe
721 2753 1140 2818 perpendicularis
1169 2751 1264 2810 EF,
1288 2752 1352 2799 sit
1381 2749 1581 2814 aequalis

188 2831 339 2871 reetae
360 2824 464 2881 cl),
486 2825 564 2875 vel
594 2826 706 2887 ΕΗ,
727 2828 807 2876 vel
831 2828 935 2876 AB.
1003 2828 1091 2876 Est
1127 2835 1294 2875 antem
1322 2826 1410 2874 AB
1447 2825 1581 2873 linea

190 2897 332 2948 lucie.
402 2899 571 2950 Quare
592 2902 740 2952 etiam
762 2903 844 2952 EF
865 2910 940 2952 est
962 2903 1094 2951 linea
1115 2902 1237 2951 lucis
1259 2905 1577 2966 propagata.
