1982 3204
293 228 381 277 xlii

337 344 454 384 omnis,
468 343 624 387 procedet
638 344 680 377 ab
694 343 800 387 ipsius
820 344 1004 378 affectionis
1019 345 1078 378 de·

336 388 558 421 monstrandae
573 398 677 421 causa.
692 387 737 421 iv.
754 391 805 420 36.

338 433 409 475 ejus
424 431 573 464 definitio
588 435 746 464 accurata.
761 430 804 463 iv.
819 434 871 464 36.

339 477 399 507 τοῦ
415 473 509 514 διὀτι,
526 474 616 517 quid.
630 474 674 507 iv.
689 474 852 507 382-a1ia
872 478 981 517 potest
1002 485 1073 507 esse

338 518 438 557 nulla,
456 529 566 560 quare.
586 517 665 550 ibid.

339 562 400 594 τοῦ
415 560 477 600 ὅτι,
500 560 590 604 quid.
603 561 647 594 iv.
658 564 699 593 42
708 571 828 593 :—n0n
850 565 901 593 est
915 571 992 593 vera
1017 560 1074 593 de-

338 604 543 637 monstratio.
557 603 685 637 ibid.:—
694 604 816 636 frustra
841 604 1001 646 quaeritur
1023 604 1073 636 in-

339 653 391 680 ter
405 646 700 680 demonstrationes
714 647 873 679 Euelidis.
887 647 966 679 ibid.

339 692 410 734 ejus
425 690 592 723 distinctio
606 690 642 722 in
655 692 829 722 ostensivum
843 695 876 722 et
890 692 1075 722 deductivam

339 737 384 766 ad
394 736 576 776 impossibile,
592 744 693 777 quare
718 744 785 765 non
811 733 889 766 satis
915 739 1074 766 accurata.

339 777 381 810 iv.
394 781 446 810 42.

339 831 417 853 vera
431 825 464 852 et
483 825 634 852 accurata
656 819 818 863 principia
843 824 920 851 sunt
941 819 1075 852 demon-

341 863 536 896 strationum
558 862 780 907 legitimarum
805 862 978 906 κριτήριον
1002 863 1076 895 uni-

339 918 423 940 cum.
438 907 483 939 iv.
499 911 550 940 56.

339 949 577 993 principiorum
591 954 708 982 natura
723 960 797 992 quae
811 954 871 982 est.
885 949 928 982 iv,
945 953 996 982 66.

339 993 617 1026 demonstratione
632 992 769 1025 scientia
782 998 900 1025 natura
914 1003 972 1024 sua
984 992 1076 1036 prior

340 1042 399 1069 est.
415 1048 445 1070 v.
461 1040 521 1068 201
532 1035 760 1078 e—geometria
785 1035 904 1078 quibus
927 1036 1074 1076 debetur,

340 1079 654 1112 demonstratoribus
669 1090 711 1111 an
724 1079 1076 1112 non-demonstratori-

340 1123 412 1156 bus.
424 1122 506 1155 ibid.

339 1166 376 1198 in
391 1166 481 1198 omni
492 1165 778 1204 demonstratione,
794 1175 892 1197 causa
912 1165 1074 1197 conclusi-

341 1209 414 1242 onis
452 1209 488 1241 in
526 1208 787 1258 praecedentibus
822 1208 930 1240 inesse
967 1208 1074 1247 debet,

340 1263 481 1295 quorum
509 1256 630 1284 Virtute
659 1251 809 1284 infertur.
839 1262 868 1283 v.
899 1255 961 1284 204
969 1252 1076 1284 :—ubi

339 1296 439 1328 verba
451 1295 626 1334 cohaereut,
642 1295 705 1327 erit
717 1294 963 1327 demonstratio.
977 1294 1056 1328 ibid.

340 1338 512 1381 potissima
527 1338 673 1370 omnium
695 1337 930 1370 demonstratio
955 1348 994 1370 ea
1016 1343 1076 1378 est,

340 1393 414 1424 quae
424 1381 598 1414 deducitur
607 1392 626 1413 a
638 1381 687 1412 rei
699 1381 855 1424 subjectae
866 1381 1077 1424 generatione

337 1426 437 1467 juxta
450 1430 576 1457 naturae
591 1424 748 1456 ordinem.
763 1435 791 1457 v.
804 1428 867 1456 204
875 1424 1078 1474 :—proxima

341 1468 428 1507 huic,
443 1468 502 1500 illa
516 1478 581 1510 qua
601 1467 773 1500 deducitur
793 1478 812 1499 a
826 1473 1001 1509 negatione
1022 1478 1077 1500 ve-

340 1511 448 1544 ritatis
463 1510 588 1554 aliquid
601 1510 812 1553 impossibile.
824 1510 902 1544 ibid.
911 1511 1078 1543 :—hu'us-

340 1555 432 1587 modi
465 1554 700 1587 demonstratio
734 1554 801 1586 vim
837 1565 930 1586 suam
966 1554 1009 1587 ha
1033 1559 1076 1594 et,

340 1598 439 1630 unde.
453 1597 532 1630 ibid.

340 1646 392 1674 est
411 1641 468 1692 qui
490 1640 580 1680 dicit,
596 1640 813 1673 demonstrari
831 1651 927 1683 posse
948 1652 988 1673 ea
1002 1651 1074 1684 quae

339 1695 407 1717 non
420 1683 651 1726 mtelligibilia‚
661 1694 769 1726 neque
784 1684 1002 1727 explicabilia,
1016 1695 1074 1717 ne-

341 1739 404 1771 que
419 1727 727 1777 comprehensibilia
742 1731 828 1759 sunt.
843 1738 872 1760 v.
889 1731 962 1761 206.

298 1770 537 1815 δῆμος-ᾳιιιᾶ.
552 1770 587 1803 11.
599 1770 897 1813 236:—imperium
912 1782 1074 1803 summum

339 1814 470 1853 retinet,
492 1813 657 1856 quamdiu.
678 1813 712 1846 ii.
728 1817 790 1846 239
803 1814 1074 1852 z—constituitur‚

340 1857 512 1901 quomodo,
528 1857 806 1890 ibim—deficere
821 1867 888 1889 non
906 1863 1024 1901 potest.
1039 1857 1073 1891 ii.

340 1905 414 1940 248,
434 1905 507 1934 260.

295 1945 609 1978 Dnuosrnnnns—
617 1944 689 1986 ejus
724 1942 831 1976 simile
866 1943 1075 1984 rusticorum,

340 1987 398 2031 qui
411 1987 520 2030 ignari
533 1986 613 2019 artis
623 1986 837 2029 gladiatoriae,
850 1987 891 2019 ab
905 1998 972 2020 una
982 1992 1075 2030 parte

339 2030 486 2074 corporis
500 2030 542 2062 ad
557 2030 663 2068 aliam,
671 2029 791 2062 ictibus
804 2030 931 2071 moniti,
941 2031 1076 2074 clypeos

338 2074 550 2107 transferunt.
565 2073 600 2105 ii.
616 2077 688 2105 301.

295 2116 571 2159 Dnnstm—plus
585 2116 730 2148 materiae
745 2127 813 2148 non
834 2116 981 2150 continet
1002 2117 1076 2150 loco

338 2160 421 2204 pari,
435 2171 533 2203 quam
547 2170 669 2192 rarum.
682 2159 704 2192 i.
719 2164 793 2192 413.

294 2203 710 2245 Deoniana—figmentum
724 2207 882 2243 nostrum,
894 2214 961 2236 non
975 2203 1074 2237 estin

338 2252 456 2279 natura
470 2257 589 2278 rerum.
605 2246 626 2278 i.
642 2250 717 2279 340.

298 2288 719 2324 ΒΕΒιυΕιιο-ᾶεείᾶειειτθ
747 2289 841 2328 nibil,
870 2289 993 2322 mortui
1014 2293 1073 2323 est.

339 2333 386 2366 iii.
404 2337 616 2375 59:-parum
629 2332 850 2372 vehementer,
866 2333 962 2365 tardi.
978 2332 1056 2365 ibid.

294 2375 734 2418 Davanam-appetitus
744 2375 815 2408 sine
824 2375 978 2418 opinione
987 2376 1072 2408 obti-

339 2418 448 2451 nendi.
471 2418 517 2451 iii.
538 2422 579 2450 44
588 2418 755 2451 z-eadem
779 2419 978 2459 continuata,
1002 2418 1071 2451 ani-

338 2463 384 2495 mi
400 2462 550 2505 objectio.
566 2461 646 2493 ibid.

295 2506 589 2543 Daue—aeternus,
618 2504 861 2547 ingenerabilis‚
887 2504 1070 2554 incompre-

338 2548 518 2581 hensibilis.
533 2547 555 2580 i.
567 2551 586 2580 9
597 2547 682 2580 :——in
693 2558 758 2590 quo
769 2547 858 2580 nulla
868 2558 940 2580 com
965 2547 1072 2588 osuio,

338 2592 430 2624 nulla
445 2590 572 2630 divisio,
588 2590 679 2622 nulla
689 2590 867 2633 generatio.
883 2590 930 2623 ibi
955 2615 962 2623 .

337 2646 412 2668 eum
440 2634 566 2667 sincere
591 2633 762 2673 honorare,
787 2633 875 2676 quid.
899 2633 934 2667 ii.
952 2638 1072 2667 118:—

338 2688 447 2711 amare
462 2682 495 2710 et
509 2677 635 2716 timere,
650 2676 739 2719 quid.
754 2676 788 2709 ii.
807 2681 877 2711 119.

338 2723 410 2765 ejus
424 2731 527 2763 regno
542 2719 744 2758 adveniente,
751 2722 847 2761 fidem
862 2725 896 2753 et
909 2731 989 2762 spem
1003 2731 1069 2753 non

338 2764 478 2808 amplius
500 2763 652 2801 existere,
682 2763 785 2795 solam
806 2774 940 2796 manere
961 2763 1070 2796 cbari-

339 2813 452 2846 tatem,
467 2806 579 2840 docuit
593 2807 627 2839 A
672 2806 784 2839 stolus.
799 2805 833 2839 ii.
852 2811 921 2839 120.

338 2850 534 2894 quaestiones
545 2849 586 2882 de
601 2849 609 2857 '
640 2850 690 2882 'us
703 2854 839 2890 naturae,
854 2849 952 2883 nimis
964 2850 1072 2883 curio-

338 2906 380 2927 sae
394 2898 479 2926 sunt.
495 2893 529 2926 ii.
548 2897 618 2926 120.

338 2938 422 2971 hanc
437 2937 552 2980 legem,
568 2949 603 2969 ne
626 2938 782 2979 quisquam
802 2939 939 2979 cuiquam
951 2939 1070 2979 suc-eree

988 245 1187 279 INDEX.

1139 347 1220 387 quod
1232 347 1326 377 alium
1341 347 1507 388 sibisacere
1519 348 1654 388 iniquum
1667 348 1794 388 duona,
1802 357 1876 381 eor·

1140 389 1236 421 dibus
1250 389 1397 421 omnium
1411 389 1594 432 insculpsit.
1610 390 1644 423 ii.
1662 394 1734 424 120.

1140 437 1273 474 peccata
1300 432 1480 471 remittere,
1507 433 1598 465 nulla
1627 439 1742 467 exacta

1141 475 1211 507 sine
1226 475 1390 518 injustitia
1429 481 1523 508 otest.
1538 476 1574 509 ii.
1592 480 1662 509 121.

1141 518 1301 550 sacrificia
1315 529 1402 568 popu
1417 519 1424 526 '
1442 519 1494 551 sui
1508 519 1616 552 odisse
1631 519 1764 560 dicitur,
1776 531 1876 564 quam

1143 561 1185 593 ob
1200 571 1340 594 causam.
1355 572 1377 594 1.
1397 566 1465 594 122.

1141 604 1176 636 in
1192 605 1264 636 e'us
1285 605 1375 637 cultu
1386 605 1518 648 publico
1541 605 1622 648 quid
1645 605 1688 638 sit
1710 606 1878 647 decorum,

1146 647 1203 690 qui
1241 658 1320 687 non,
1338 648 1510 691 judicandi
1523 659 1624 692 penes
1637 649 1803 683 civitatem
1819 651 1878 694 jus

1142 696 1201 723 est.
1217 690 1251 722 ii.
1271 695 1340 724 124.

1143 744 1218 766 eum
1238 734 1392 777 precibus
1414 734 1556 776 flectere,
1571 735 1702 779 quando
1722 736 1879 771 dicuntur

1143 777 1303 810 homines.
1318 777 1352 810 ii.
1371 782 1442 811 124.

1144 831 1218 852 eum
1234 821 1341 853 colere
1359 821 1477 853 iisdem
1491 822 1589 854 rebus
1601 822 1720 865 quibus
1728 822 1879 856 vido-us

1143 863 1208 895 coli
1223 864 1382 904 homines,
1397 870 1514 897 natura
1526 865 1599 908 ipsa
1613 865 1716 898 docet..
1731 865 1766 899 ii.
1785 870 1855 900 125.

1144 906 1231 950 apud
1245 913 1359 948 gentes
1383 908 1540 958 quicquid
1565 908 1774 950 nominabile,
1787 909 1877 943 idem

1143 955 1176 982 et
1188 952 1350 991 deific-abile
1362 956 1441 983 erat.
1455 951 1490 984 i1.
1509 956 1581 985 126.

1141 1000 1409 1070 ΞΞΕΡΞᾞΞΪἛ.
1425 995 1650 1081 ἓέξῗίςῗὲἒῖ
1659 1000 1881 1072 fifflffffi

1143 1079 1254 1112 divino
1262 1081 1472 1130 praetendunt
1482 1081 1630 1114 civitates
1641 1082 1879 1116 omnesimfi.

1142 1122 1206 1154 diis
1222 1134 1289 1155 suis
1303 1123 1449 1166 linguam
1464 1125 1630 1168 propriam
1645 1125 1709 1157 sibi
1722 1125 1823 1159 fuisse
1842 1125 1880 1158 in

1142 1166 1235 1205 coelo,
1250 1167 1374 1199 ethnici
1389 1167 1573 1200 credebant.
1589 1167 1623 1200 ii.
1643 1172 1713 1202 126.

1143 1209 1279 1241 deorum
1291 1210 1496 1243 ethnicorum
1510 1222 1642 1254 genera.
1655 1211 1692 1245 ii.
1709 1215 1782 1245 126.

1143 1253 1214 1295 ejus
1235 1252 1342 1295 gratia
1364 1254 1566 1296 simpliciter,
1587 1265 1689 1298 quare
1710 1254 1880 1299 plerisque

1144 1306 1210 1328 non
1224 1296 1351 1329 sufficit.
1366 1296 1400 1329 11.
1421 1301 1490 1330 126.

1145 1338 1332 1371 doctoribus
1368 1340 1538 1382 religionis
1567 1351 1668 1384 quare
1697 1341 1879 1374 cavendum

1145 1387 1205 1420 est,
1220 1393 1262 1414 ne
1277 1383 1386 1415 Deum
1409 1383 1538 1415 colendi
1563 1384 1688 1427 regulis
1702 1384 1879 1428 quicqum

1143 1424 1367 1458 immisceatur
1381 1437 1424 1459 ex
1443 1426 1594 1460 doctrina
1605 1427 1828 1471 physicorum.
1842 1427 1880 1461 ii.

1145 1511 1222 1544 deos
1237 1523 1314 1544 suos
1328 1512 1556 1546 custodiebant
1576 1513 1710 1553 ethnici,
1722 1514 1879 1557 quemad-

1143 1555 1278 1629 {nodum
1299 1556 1444 1589 nutrices
1469 1557 1635 1590 custodire
1656 1557 1800 1591 infantes
1825 1568 1879 1591 so·

1157 1603 1222 1631 ent.
1236 1598 1270 1631 ii.
1294 1603 1365 1632 129.

1142 1641 1242 1674 habet
1263 1642 1298 1674 in
1313 1642 1464 1675 omnibus
1479 1643 1632 1686 gentibus
1656 1643 1881 1687 possessiones

1142 1690 1214 1724 etc„
1229 1684 1292 1718 sibi
1307 1692 1520 1719 consecratas.
1540 1686 1576 1720 ii.
1595 1691 1666 1720 132.

1141 1727 1230 1760 inter
1245 1728 1367 1761 dictata
1380 1729 1446 1762 Dei
1468 1741 1528 1773 per
1546 1735 1707 1770 naturam,
1721 1735 1756 1763 et
1769 1730 1879 1774 legem

1142 1771 1207 1804 Dei
1214 1771 1249 1803 in
1256 1772 1662 1816 Scriptus-is,repugnantia
1669 1773 1881 1808 nullaiidae.

1142 1815 1214 1858 ejus
1228 1826 1347 1848 nomen
1362 1823 1547 1859 usurpatur,
1560 1816 1667 1849 solum
1678 1822 1717 1850 ut
1728 1827 1804 1850 eum
1817 1817 1881 1850 ho·

1142 1869 1306 1891 notemus.
1318 1859 1365 1891 iii.
1381 1863 1436 1892 20.

1143 1912 1256 1934 omnes
1270 1902 1420 1935 homines
1435 1903 1598 1946 quomodo
1623 1905 1657 1935 ὺι
1679 1903 1782 1936 Dm
1805 1913 1880 1937 cre-

1143 1945 1235 1978 dunt.
1250 1945 1298 1978 iii.
1312 1949 1364 1978 53.

1143 1987 1172 2020 is
1188 1988 1245 2030 qui
1260 1999 1295 2020 se
1310 1989 1419 2021 Deum
1434 1989 1486 2022 vel
1506 1989 1676 2023 Christum
1691 2001 1764 2023 esse
1784 1989 1879 2030 dicit,

1143 2042 1203 2063 cur
1225 2031 1260 2063 in
1287 2032 1490 2065 Morocomio
1510 2032 1656 2066 inclusus
1680 2033 1725 2067 sit
1749 2033 1880 2066 nescim

1143 2074 1200 2106 vix
1214 2080 1331 2118 potest.
1346 2075 1396 2108 iii.
1407 2079 1458 2109 60.

1178 2129 1203 2150 ,ι-
1222 2120 1361 2159 spiritum
1384 2120 1455 2158 Dei,
1481 2118 1562 2162 quid
1581 2129 1668 2163 saepe
1689 2119 1878 2164 significant

1188 2161 1329 2204 ripturae.
1347 2161 1397 2193 iii.
1414 2166 1468 2195 62.

1142 2214 1254 2236 rerum
1282 2204 1480 2237 naturalium
1508 2205 1742 2249 contemplatio
1765 2205 1878 2250 dispo-

1142 2246 1193 2280 nit
1207 2247 1249 2279 ad
1270 2247 1469 2280 credendum
1490 2258 1592 2280 unum
1614 2259 1687 2282 esse
1707 2249 1827 2290 Deum,
1842 2255 1878 2284 et

1141 2294 1309 2324 aeternum.
1339 2290 1386 2324 iii.
1415 2295 1456 2323 83
1465 2291 1588 2324 2—idea
1611 2297 1721 2325 tamen
1750 2298 1878 2327 naturae

1141 2332 1260 2366 divinae
1275 2333 1383 2366 animo
1397 2334 1525 2377 concipi
1539 2345 1605 2367 non
1626 2340 1746 2379 potest.
1761 2335 1809 2370 iii.
1822 2340 1877 2370 84.

1141 2376 1305 2419 quomodo
1319 2377 1357 2409 fit
1380 2382 1417 2410 ut
1442 2377 1592 2410 homines
1605 2389 1626 2411 a
1638 2378 1878 2422 phantasmatis

1141 2419 1209 2451 suis
1218 2419 1511 2452 innumerabilibus
1519 2420 1775 2455 innumerabiles
1782 2433 1875 2456 oma-

1139 2462 1247 2494 verint
1261 2462 1324 2495 sibi
1335 2463 1423 2496 deos.
1439 2463 1486 2496 iii.
1503 2468 1556 2496 84.

1139 2507 1207 2537 deos
1222 2508 1337 2547 primos
1347 2518 1368 2538 a
1382 2509 1483 2538 timore
1494 2509 1603 2548 suctos
1621 2520 1689 2548 etse,
1705 2507 1748 2541 de
1760 2508 1877 2543 multis

1139 2549 1345 2581 ethnicorum
1360 2549 1423 2582 diis
1439 2561 1550 2583 verum
1565 2556 1625 2584 est.
1639 2551 1687 2584 iii.
1702 2555 1755 2585 86.

1139 2591 1264 2634 agnitio
1280 2594 1341 2625 Dea·
1363 2596 1456 2632 unici,
1467 2597 1580 2634 oeterm’,
1594 2596 1718 2636 infiniti,
1739 2597 1873 2638 οκιιφο·

1138 2637 1235 2674 ίειιείε,
1249 2635 1334 2668 unde
1347 2636 1532 2670 derivanda.
1544 2637 1590 2670 iii.
1606 2641 1658 2671 86.

1138 2678 1353 2711 substantium
1369 2679 1504 2712 deorum
1519 2681 1649 2724 qualem
1663 2691 1736 2714 esse
1745 2680 1872 2726 cogitu-

1139 2721 1218 2754 bant
1241 2721 1373 2755 ethnici.
1386 2723 1432 2756 iii.
1448 2727 1488 2757 87
1503 2723 1634 2757 2—de0s
1656 2729 1691 2757 et
1706 2724 1872 2758 demones

1139 2775 1215 2797 suos
1229 2771 1357 2808 spectra
1370 2772 1404 2799 et
1418 2766 1550 2799 umbras
1564 2767 1787 2808 nominabant,
1797 2778 1871 2802 cor-

1182 2818 1219 2840 ra
1233 2813 1341 2841 tamen
1356 2820 1427 2842 esse
1441 2810 1610 2853 putabant.
1624 2810 1706 2844 ibid.

1175 2858 1295 2885 xerunt
1309 2852 1442 2895 quidam
1458 2853 1557 2885 Deua
1578 2865 1637 2886 aa
1661 2855 1798 2896 qn'n'eun
1820 2856 1874 2887 δι·

1138 2906 1305 2936 corporeum
1321 2906 1386 2928 non
1406 2896 1471 2928 nisi
1493 2907 1535 2929 ex
1556 2896 1740 2932 intentione
1759 2896 1816 2942 pin
1828 2897 1874 2931 i}-

1139 2938 1208 2971 lum
1223 2938 1414 2973 honorandi.
1429 2939 1476 2974 iii.
1493 2943 1544 2974 87.
