1982 3204
386 280 450 323 26
720 283 984 320 ROSETUM
1012 279 1441 316 GEOMETmcnm.

115 418 227 446 paor.
249 418 338 445 vm.
454 396 746 462 Applicetur
769 395 905 444 arcui
930 394 1006 441 km
1030 399 1165 440 recta
1189 391 1272 455 kp,
1293 388 1494 452 aequalis
1517 387 1598 437 ab.
1667 387 1777 436 Erit

98 465 366 543 „omne
386 490 504 538 ergo
528 488 671 521 arcus
695 472 761 536 kp
790 471 900 519 duae
936 469 1119 533 quintae
1151 481 1294 514 arcus
1326 463 1659 528 quadrantalis
1682 463 1775 511 lem.

98 549 311 579 ”cunimu-
387 549 536 599 Quod
567 555 642 596 est
675 548 903 611 primum.
974 544 1070 593 Sed
1104 557 1246 591 arcus
1278 541 1356 588 km
1383 541 1491 604 (per
1519 538 1702 587 Coroll.
1727 545 1775 597 4,

384 641 525 690 prop.
552 624 640 686 vii)
677 622 872 686 aequalis
905 627 978 668 est
1010 619 1227 682 quinque
1263 615 1623 664 semilateribus
1658 630 1778 678 qua-

386 700 517 749 drati
540 699 600 748 ab
621 697 727 746 AB.
775 696 935 756 Quare
959 710 1102 742 arcus
1125 693 1192 757 lep
1211 691 1414 755 aequalis
1433 698 1507 739 est
1524 690 1617 754 ipsi
1634 690 1779 738 lateri

387 775 494 825 AB.
566 773 713 823 Quod
736 772 952 820 restabat
977 767 1430 818 demonstrandum.

460 852 679 901 Consect.
695 849 725 896 i.
763 848 814 895 Si
838 846 979 894 lateri
994 843 1076 893 BC
1096 843 1358 907 adjiciatur
1374 849 1511 890 recta
1528 841 1595 889 CI
1614 857 1779 905 aequa-

384 928 443 976 lis
467 925 546 982 ab,
570 933 620 973 et
642 931 811 972 centro
838 923 877 970 B
903 920 1163 969 intervallo
1192 918 1273 978 ΒΖ,
1299 918 1606 967 describatur
1636 933 1778 966 arcus

389 1001 721 1066 quadrantalis
739 1000 806 1058 ln,
827 1006 878 1046 et
896 999 1070 1060 juncta
1090 997 1167 1060 Bp
1184 995 1488 1059 producatur
1510 994 1575 1042 ad
1597 992 1647 1041 ln
1660 994 1712 1041 in
1727 1009 1778 1040 o:

387 1078 535 1126 ducta
568 1075 751 1124 chorda
783 1072 830 1121 lo
862 1072 1062 1136 aequalis
1095 1071 1190 1119 erit
1224 1070 1361 1118 arcui
1396 1070 1479 1134 kp,
1508 1070 1607 1117 sive
1635 1068 1778 1116 lateri

394 1152 500 1201 AB.
571 1151 697 1199 Nam
726 1150 835 1213 (per
864 1149 1015 1196 Elem.
1043 1146 1145 1206 xiii,
1176 1162 1316 1210 prop.
1346 1145 1397 1207 5)
1424 1145 1553 1193 latus
1579 1143 1661 1194 BC
1686 1145 1780 1192 erit

390 1229 546 1292 majus
571 1233 876 1290 segmentum
899 1224 1050 1271 totius
1075 1222 1153 1270 ΒΖ.
1225 1221 1392 1270 Quare
1410 1221 1538 1268 latus
1558 1220 1642 1268 BC
1665 1221 1778 1268 sub-

391 1303 551 1351 tendit
588 1302 707 1350 duas
745 1301 939 1365 quintas
981 1314 1124 1347 arcus
1162 1298 1316 1346 totius
1357 1296 1421 1344 ln.
1492 1294 1615 1344 Cum
1660 1311 1778 1359 ergo

391 1379 598 1442 angulus
622 1378 732 1442 chp
757 1377 819 1424 sit
844 1376 952 1423 duae
985 1374 1172 1438 quintae
1204 1372 1372 1436 anguli
1396 1371 1534 1430 chm,
1559 1372 1707 1419 etiam
1732 1370 1780 1418 lo

387 1455 480 1503 erit
515 1454 624 1501 duae
657 1453 842 1516 quintae
879 1466 1024 1498 arcus
1057 1449 1125 1498 ln.
1197 1449 1364 1498 Quare
1404 1455 1544 1495 recta
1579 1447 1628 1495 lo
1668 1463 1779 1511 quae

387 1531 523 1578 illum
557 1528 824 1586 subtendit‚
850 1535 923 1576 est
959 1526 1160 1590 aequalis
1195 1524 1338 1573 lateri
1375 1523 1475 1583 BC,
1514 1523 1782 1587 eademque

386 1605 586 1669 aequalis
610 1604 745 1652 arcui
770 1603 852 1668 kp.

456 1681 676 1728 Com-eet.
691 1679 740 1727 ii.
779 1678 1099 1727 Manifestum
1116 1677 1234 1725 hinc
1252 1683 1341 1735 est,
1361 1684 1468 1724 tum
1486 1674 1782 1740 quadratum

385 1757 544 1820 ipsum
568 1756 760 1814 ABCD,
785 1762 891 1803 tum
918 1770 1087 1803 omnes
1111 1761 1270 1801 rectas
1289 1753 1351 1801 ab
1371 1751 1420 1800 A
1438 1759 1609 1800 centro
1629 1750 1691 1799 ad
1715 1751 1782 1799 la·

385 1839 464 1880 tus
495 1832 593 1890 BC,
633 1832 695 1894 (si
732 1847 853 1895 opus
886 1831 964 1889 sit,
988 1829 1329 1894 productum),
1355 1829 1511 1877 secari
1542 1828 1603 1876 ab
1628 1827 1691 1875 ab
1718 1827 1783 1890 (si

387 1924 510 1971 opus
543 1907 621 1966 sit,
645 1907 906 1970 producta)
942 1907 994 1954 in
1019 1914 1293 1954 extremam
1316 1915 1366 1953 et
1398 1903 1611 1952 mediam
1634 1903 1780 1951 ratio·

387 1999 516 2031 nem.
608 1983 738 2030 Nam
783 1982 1077 2046 quadratum
1118 1981 1295 2029 ABCD
1338 1979 1575 2028 dividitur
1612 1978 1783 2026 eadem

388 2059 577 2107 ratione
601 2075 697 2121 qua
719 2058 880 2122 ipsum
904 2058 1032 2106 latus
1056 2057 1147 2105 AB
1172 2057 1224 2104 in
1249 2072 1296 2103 α.
1347 2055 1475 2103 Item
1500 2054 1784 2102 dividuntur

389 2135 449 2182 ab
497 2134 666 2182 eadem
712 2134 775 2182 ab
814 2150 982 2182 omnes
1023 2140 1172 2181 rectae
1213 2131 1375 2180 ductae
1409 2131 1471 2179 ab
1511 2130 1557 2178 A
1596 2129 1661 2178 ad
1701 2129 1784 2178 BC

393 2209 607 2274 (quando
631 2225 751 2273 opus
783 2217 871 2269 est,
896 2208 1209 2273 productam)
1249 2206 1420 2254 eadem
1460 2206 1652 2254 ratione
1687 2221 1785 2269 qua

390 2285 476 2333 AB
502 2284 734 2333 dividitur
756 2285 807 2333 in
832 2301 878 2333 α.
940 2285 1106 2334 Quare
1134 2284 1243 2347 (per
1265 2282 1418 2330 Elem.
1445 2281 1542 2329 xiv.
1568 2296 1709 2345 prop.
1734 2281 1785 2342 2)

390 2360 671 2408 dividuntur
693 2360 744 2408 in
764 2368 1031 2408 extremam
1058 2367 1107 2408 et
1125 2359 1337 2407 mediam
1360 2356 1616 2406 rationem.

461 2435 643 2483 Coroll.
680 2436 898 2499 Apparet
921 2436 1037 2484 hinc
1073 2433 1358 2484 inveniendi
1383 2447 1783 2497 quarumcunque

393 2518 639 2559 rectarum
663 2518 914 2574 segmenta
933 2509 1320 2575 proportionalia
1343 2507 1604 2556 methodus
1629 2507 1785 2555 mani-

391 2586 517 2634 festa
540 2594 590 2634 et
624 2587 925 2635 brevissima.
996 2586 1222 2650 Exempli
1259 2600 1437 2633 causa:
1473 2584 1514 2632 si
1538 2589 1785 2647 quaeratur

392 2662 548 2724 majus
572 2670 879 2725 segmentum
911 2663 1122 2711 secantis
1147 2666 1211 2710 30
1234 2660 1492 2724 graduum.
1561 2659 1785 2707 Ducatur

393 2737 501 2796 AK,
526 2745 576 2785 et
594 2738 891 2801 producatur
915 2738 979 2787 ad
1002 2739 1130 2787 latus
1157 2736 1239 2785 BC
1270 2736 1322 2784 in
1360 2734 1418 2793 G,
1452 2750 1562 2798 quae
1602 2741 1677 2782 est
1713 2749 1787 2782 se-

393 2828 510 2860 cans
534 2817 598 2861 30
621 2813 888 2875 graduum;
926 2822 1058 2863 secet
1082 2829 1140 2862 ea
1162 2819 1348 2860 rectam
1372 2809 1437 2859 ab
1461 2811 1511 2858 in
1530 2810 1569 2858 d
1583 2831 1595 2864 ς
1632 2818 1682 2859 et
1705 2810 1791 2858 Ad

394 2896 469 2935 est
488 2896 793 2950 segmentum
819 2890 1001 2952 majus;
1039 2897 1090 2938 et
1107 2887 1355 2937 residuum
1380 2895 1453 2935 est
1477 2893 1785 2949 segmentum

396 2979 569 3011 mmus.
