1982 3204
145 371 312 400 Hobbesius
331 372 369 401 ad

146 415 345 446 Mersennnm.

407 244 501 288 294
949 258 1242 292 EPISTOLAE.

406 382 515 413 rum
540 366 628 414 tibi
655 367 719 415 sit
743 370 1103 418 communicare
1127 371 1173 418 ei
1196 371 1385 435 reliqua
1408 389 1515 436 quae
1547 374 1598 420 in
1622 374 1794 422 eadem

408 442 613 504 epistola
658 444 974 492 continentur
1015 445 1145 493 circa
1186 446 1533 495 refractionem
1556 468 1566 496 z
1608 449 1794 498 videbit

408 517 536 565 enim
555 518 1060 582 parallelogrammum
1084 522 1204 569 illud
1230 539 1325 585 quo
1350 539 1466 572 usus
1492 541 1597 572 sum
1622 525 1687 572 ad
1710 541 1795 574 ex-

405 592 681 655 plicandam
716 595 843 658 pilae,
868 596 1067 643 minime
1109 598 1322 659 pertinet
1353 599 1416 646 ad
1450 599 1795 649 refractionem

404 668 617 727 luminis,
636 679 784 732 prout
807 670 888 718 ille
913 672 1202 734 suspicatur.
1258 673 1404 722 Quod
1427 675 1604 722 attinet
1624 675 1687 722 ad
1710 675 1795 724 de-

406 746 806 793 monstrationem
826 747 970 794 amici
990 747 1099 805 mei,
1126 764 1249 804 eam,
1275 749 1369 797 nisi
1392 750 1537 812 periit
1561 766 1618 798 eo
1648 767 1795 814 quem

405 820 536 867 nosti
555 835 690 879 casu,
707 821 853 868 credo
871 837 949 869 me
965 822 1240 870 habiturum
1262 825 1485 886 proxima
1499 826 1794 888 septimana:

407 895 448 942 si
472 895 703 954 habuerO,
736 896 826 944 tibi
851 898 1237 956 communicabo,
1262 915 1419 963 neque
1445 900 1641 949 domino
1676 902 1796 950 Des-

407 979 566 1019 cartes
594 972 798 1019 eandem
827 973 1071 1031 invidebo,
1096 975 1145 1021 in
1173 991 1268 1037 quo
1299 976 1555 1038 judicandi
1588 977 1795 1025 faculta-

405 1054 505 1094 tem
543 1063 729 1094 summe
765 1048 995 1107 admiror,
1029 1049 1332 1113 diligentiam
1374 1052 1613 1110 desidero,
1647 1069 1794 1116 quam

405 1130 604 1169 auctore
624 1131 672 1169 te
693 1123 742 1169 in
766 1123 986 1186 legendis
1004 1125 1124 1171 meis
1144 1125 1375 1173 adhibere
1397 1127 1532 1185 velit,
1551 1143 1695 1175 nemo
1720 1137 1794 1175 est

407 1198 485 1244 cui
510 1214 600 1258 ego
627 1213 881 1245 censuram
906 1215 1075 1246 eorum
1099 1201 1329 1249 libentius
1357 1202 1612 1250 deferrem.
1683 1204 1793 1252 Plu-

406 1272 582 1319 rimum
607 1273 729 1330 vale,
756 1280 805 1320 et
828 1273 936 1321 fave

1043 1367 1135 1415 Tui
1161 1369 1594 1432 obsequentissimo

458 1475 632 1523 pamas,
654 1476 744 1515 Feb.
763 1475 799 1524 7,
820 1478 934 1515 1641.
1479 1470 1726 1518 HOBBES.

671 1754 975 1789 CARTEsms
1006 1756 1076 1788 AD
1109 1744 1524 1792 MERSENNUM*.

536 1857 956 1907 Reverendissime
982 1860 1141 1918 Pater,

465 1933 572 1981 Etsi
587 1950 854 1996 sperassem
871 1952 928 1983 ea
943 1937 1116 1999 quaein
1138 1936 1467 1999 superioribus
1483 1937 1602 1985 meis
1618 1937 1793 1986 litteris

402 2009 750 2071 responderam
766 2010 828 2057 ad
846 2011 1037 2058 initium
1054 2012 1225 2075 scripti
1241 2028 1269 2059 a
1284 2012 1565 2060 doctissimo
1580 2013 1792 2077 quodam

401 2084 564 2147 Anglo
588 2085 651 2132 ad
674 2087 998 2134 reverentiam
1023 2094 1231 2134 vestram
1258 2087 1407 2146 missi,
1429 2104 1505 2135 me
1530 2088 1792 2137 liberatura

402 2175 506 2207 esse
548 2175 695 2207 onere
736 2161 799 2208 ad
839 2161 1026 2225 reliqua
1065 2162 1416 2226 respondendi:
1464 2163 1578 2226 quia
1624 2173 1790 2212 tamen

401 2235 715 2283 nihilominus
749 2236 923 2284 ultima
955 2245 1067 2284 octo
1092 2237 1208 2285 folia
1226 2238 1396 2300 scripti
1420 2254 1450 2285 a
1472 2246 1634 2286 vestra
1657 2255 1789 2287 reve-

401 2310 559 2357 rentia
598 2310 743 2358 hodie
784 2312 966 2374 accepi,
1010 2312 1247 2375 simulque
1287 2313 1556 2360 admoneor
1601 2314 1789 2377 aliquos

401 2401 505 2432 esse
524 2402 583 2433 ex
603 2386 757 2434 doctis
779 2387 908 2446 viris,
929 2388 1010 2450 qui
1033 2403 1090 2435 ea
1108 2404 1216 2451 quae
1234 2387 1301 2435 ibi
1320 2387 1380 2435 de
1399 2388 1788 2449 refractionibus,

454 2559 477 2582 *¹
506 2559 586 2598 Des
606 2560 741 2599 Cartes
764 2568 877 2611 rccut
897 2560 920 2598 a
939 2561 1071 2612 Lcyde
1101 2562 1155 2599 les
1188 2562 1282 2599 trois
1310 2563 1494 2612 premiers
1526 2564 1693 2604 feninets
1721 2567 1788 2615 qui

400 2623 643 2661 contenaient
675 2623 730 2661 les
755 2624 963 2673 premieres
994 2623 1205 2673 objections
1223 2625 1270 2662 de
1291 2625 1347 2662 M.
1372 2625 1541 2672 Hobbes,
1562 2627 1599 2665 le
1618 2628 1670 2665 20
1688 2627 1788 2666 Jau·

400 2685 512 2722 vier:
541 2685 569 2722 il
592 2699 619 2736 y
649 2686 826 2735 repondit
849 2685 883 2723 16
903 2686 966 2723 21.
1023 2686 1058 2722 Il
1080 2700 1106 2736 y
1137 2699 1159 2723 a
1189 2699 1399 2737 appurencc
1432 2701 1507 2737 que
1527 2702 1614 2727 vers
1638 2689 1674 2728 le
1694 2689 1716 2729 7
1737 2702 1788 2728 ou

401 2748 424 2784 8
446 2746 607 2785 Fevrier
626 2748 652 2784 il
671 2754 782 2798 recut
800 2748 834 2786 16
854 2756 966 2794 reste,
988 2748 1125 2797 auquel
1150 2748 1176 2785 il
1210 2750 1253 2787 fit
1285 2749 1322 2787 la
1350 2763 1530 2800 response
1557 2751 1623 2801 qui
1651 2751 1721 2790 fait
1750 2752 1788 2791 la

400 2810 487 2847 330:
516 2809 607 2848 c'est
639 2811 825 2860 pourquoi
851 2810 893 2860 jc
914 2811 990 2850 fixe
1010 2817 1110 2850 cette
1130 2811 1243 2850 lettre
1263 2825 1310 2850 en
1330 2826 1491 2863 reponse
1511 2827 1559 2852 au
1579 2816 1603 2853 8
1623 2814 1658 2852 F
1658 2814 1787 2854 evrier

404 2872 742 2912 164l.—Cousm.
