1982 3204
337 251 433 296 358
901 265 1162 299 HISTORIA

335 372 420 415 Sec.
453 370 622 415 Verum
641 386 717 416 cur
736 373 887 417 habuit
908 373 1129 419 Chaldaeos
1152 373 1321 418 Graecia
1342 377 1494 428 nullos,

395 437 565 482 Graecia
585 438 787 483 Romanis
807 447 908 484 nota
927 441 1130 498 magistra
1149 442 1284 485 viris?

336 504 416 546 Pr.
450 504 519 548 Ob
539 506 695 549 multas
716 521 872 550 causas.
934 508 980 550 N
983 524 1038 551 on
1057 508 1168 551 fallit
1188 510 1424 567 aruspicem
1444 525 1636 568 aruspex.

396 569 562 615 Callida
582 572 825 616 Graeeorum
845 574 961 617 natio
981 581 1073 617 tota
1091 574 1197 617 fuit:

337 635 385 678 N
386 651 434 680 ec
453 637 698 695 deceptores
717 640 838 683 fictos
857 640 1042 684 habuere
1062 641 1312 699 Prophetas,

399 702 484 747 Sed
504 705 695 762 proprios
716 707 897 758 sibimet,
918 723 1068 764 nempe
1088 724 1224 765 genus
1245 709 1470 766 Logicum.

339 770 423 812 Ars
444 777 535 813 erat
553 770 668 814 hisce
687 773 841 815 malam
861 773 1079 817 victricem
1098 775 1272 818 reddere
1292 791 1461 819 causam

395 835 603 888 Dicendo,
626 846 779 894 quarto
799 840 969 896 propria
988 847 1033 883 et
1051 841 1125 883 illa
1144 842 1284 885 modo.
1643 845 1728 884 330

338 901 468 946 Adde
489 904 603 959 quod
624 912 667 947 et
687 921 859 963 pauper,
881 907 1061 950 dominis
1081 909 1270 964 subjecta
1290 909 1472 960 Latinis,

394 968 530 1012 Natio
550 976 643 1014 tota
662 970 769 1014 fuit:
801 988 888 1016 non
908 980 999 1016 erat
1019 974 1132 1017 unde
1153 974 1313 1018 darent.

337 1034 540 1091 Namque
559 1036 780 1094 impostori
799 1054 885 1082 non
905 1046 970 1082 est
991 1039 1108 1083 locus
1129 1040 1200 1083 ille
1221 1041 1411 1092 salubris,

395 1101 485 1156 Qui
504 1102 613 1146 lucri
634 1104 800 1155 sterilis,
823 1104 975 1148 fertilis
995 1106 1157 1162 ingenii
1177 1114 1255 1150 est.

336 1169 566 1225 AEgyptus
588 1169 747 1213 Graecis
767 1170 882 1214 ultro
901 1186 987 1214 non
1007 1172 1155 1215 attulit
1174 1179 1286 1215 artes

395 1234 636 1292 Ingenuas:
672 1235 815 1280 Graeci
835 1237 908 1280 sed
928 1238 1088 1294 petiere
1108 1238 1202 1289 viri,

337 1300 619 1359 Pythagoras,
642 1302 813 1354 Thales,
834 1303 974 1355 Plato,
996 1305 1161 1361 plures:
1186 1320 1265 1348 nec
1283 1305 1444 1362 petiere

395 1368 588 1424 AEgypti
608 1368 791 1420 fraudes,
812 1385 890 1413 nec
911 1385 1028 1413 sacra.
1048 1370 1094 1412 N
1096 1371 1230 1422 iliaca,

338 1433 435 1477 Nec
454 1434 771 1478 demonstrandi
790 1443 1016 1493 praecepta,
1037 1452 1116 1480 nec
1135 1437 1394 1487 officiorum3

398 1500 483 1544 Sed
502 1502 774 1544 mensurandi
794 1502 999 1559 quicquid
1018 1502 1063 1545 in
1083 1504 1183 1546 orbe
1204 1503 1299 1545 fuit.
1647 1506 1731 1544 340

337 1567 401 1610 Se.
437 1566 546 1621 Quis
563 1567 735 1612 Graecos
754 1569 940 1625 reliquas
960 1575 1072 1612 artes
1092 1569 1268 1612 docuit?
1328 1569 1437 1624 Quis
1458 1569 1681 1620 Elenchos,

397 1633 507 1688 Quis
526 1651 692 1678 morum
711 1651 903 1679 normam
917 1636 1185 1693 justitiaeque
1205 1637 1355 1680 dedit?

337 1701 418 1742 Pr.
454 1699 639 1744 Socratis
658 1701 882 1746 inventum
902 1702 1122 1745 dialectica
1141 1702 1297 1745 dieitur
1316 1717 1418 1754 esse,

397 1766 500 1810 Una
520 1768 707 1823 quidem,
729 1768 812 1812 diei
833 1784 929 1825 quae
951 1769 1058 1812 solet
1078 1768 1235 1812 Ironia.

338 1831 454 1875 Nam
474 1839 645 1877 tantum
663 1841 799 1892 rogat,
821 1842 865 1878 et
885 1835 980 1879 vult
999 1851 1043 1879 se
1062 1835 1124 1878 nil
1144 1836 1250 1879 scire
1269 1835 1416 1886 videri,

394 1898 611 1956 Perpetua
629 1907 759 1957 atque
779 1907 903 1944 atrox
922 1901 1055 1944 hostis
1076 1901 1348 1952 alazonibus¹,

340 1964 450 2019 Quae
470 1966 653 2009 ducebat
672 1982 743 2010 eos
763 1967 930 2019 sensim,
948 1968 1193 2023 quaerendo,
1215 1968 1444 2023 sequendo,

397 2031 444 2073 N
446 2047 501 2075 on
522 2034 816 2090 perceptibiles
836 2034 1020 2077 molliter
1039 2035 1084 2077 in
1103 2035 1302 2090 laqueos:

342 2097 556 2141 Mulciber
575 2105 626 2141 ut
646 2099 834 2143 Martem
854 2101 1069 2157 quondam
1089 2100 1226 2143 fertur
1245 2101 1444 2151 tenuisse,

397 2164 602 2221 Turpiter
621 2165 876 2222 implicitum
896 2167 1207 2223 ridiculumque
1227 2167 1366 2210 deum.
1646 2169 1731 2208 350

339 2229 448 2273 Inde
468 2230 553 2274 fuit
572 2232 736 2289 magnis
756 2248 908 2276 exosus
929 2233 1105 2284 civibus,
1126 2240 1255 2289 atque

397 2296 579 2354 Ingenio
599 2298 731 2341 vitam
751 2299 936 2356 perdidit
955 2300 1045 2356 ipse
1067 2315 1156 2342 suo.

339 2362 511 2406 Primus
531 2369 576 2406 et
594 2363 666 2407 ille
687 2364 772 2407 fuit
791 2365 950 2421 patrias
969 2365 1220 2408 concludere
1240 2364 1284 2406 in
1304 2370 1439 2407 artem

395 2428 551 2486 Leges,
572 2445 820 2473 mensurans
834 2432 907 2487 jus
926 2430 1089 2474 ratione
1109 2446 1196 2474 sua.

339 2495 400 2538 Et
420 2495 521 2551 quia
539 2510 629 2538 rem
648 2497 797 2553 populi
814 2497 923 2540 male
943 2512 1108 2548 curans,
1129 2496 1203 2540 sed
1222 2512 1299 2539 sua
1317 2503 1444 2546 recte,

398 2561 447 2604 A
466 2562 623 2619 populo
642 2563 805 2619 sapiens
824 2563 943 2606 audit
963 2563 1123 2619 ubique
1143 2563 1238 2606 loci.

339 2628 546 2672 Rectores
566 2629 721 2672 stultos
740 2629 882 2673 ridens
902 2630 1028 2673 nimis
1048 2630 1282 2681 ambitiose,

400 2694 489 2738 Nec
501 2694 630 2751 juvit,
652 2694 756 2739 civis
775 2710 855 2739 nec
874 2691 1011 2740 bon'us
1031 2696 1120 2754 ipse
1140 2696 1238 2739 fuit.

635 2844 646 2870 ¹
677 2846 1008 2893 [enaldus-jactator.
1057 2846 1146 2881 Vide
1163 2845 1434 2891 GLossAmum]
