1982 3204
408 281 472 324 40
741 290 1003 324 ROSETUM
1032 289 1462 323 GEOMETRICUM.

140 420 254 445 PROP.
276 419 375 445 xvn.
412 401 526 448 BK:
564 416 673 463 quae
711 416 822 463 pars
869 406 941 446 est
988 400 1136 447 tertia
1181 398 1466 463 quadrantis
1501 398 1671 446 circuli
1714 397 1797 446 de-

126 466 367 534 „ffifi
409 477 577 539 scripti
603 477 664 522 ab
690 476 776 523 AB
801 483 855 522 ut
880 475 1259 522 semidiametro.
1579 479 1581 482 '

124 549 359 588 ³⁰¹1¹¹²¹¹⁰⁸⁸‘⁰‘⁰·
476 551 846 599 Semidiametro
893 551 970 597 BP
1004 550 1309 597 describatur
1349 564 1491 596 arcus
1522 548 1600 606 Ρθ,
1623 548 1674 595 in
1699 564 1796 611 quo

409 635 629 675 sumatur
650 627 714 673 ΡΘ
738 626 935 689 aequalis
959 626 1095 672 arcui
1112 638 1176 684 γζ.
1230 625 1392 672 Ducta
1410 639 1527 686 ergo
1548 624 1616 670 Βθ
1638 640 1797 687 aequa-

408 703 467 750 lis
491 702 585 750 erit
608 730 674 762 ay,
708 701 758 748 id
799 709 871 748 est
903 701 1045 748 lateri
1084 700 1322 748 icosaedri
1353 700 1405 747 in
1433 700 1624 763 sphaera
1658 699 1797 762 cnjus

411 778 647 825 diameter
671 786 744 824 est
767 778 860 824 EF.
932 776 1089 823 Radio
1115 792 1232 839 ergo
1259 776 1327 823 Βθ
1359 775 1633 838 descriptus
1656 790 1798 822 arcus

412 854 581 901 circuli
605 868 773 899 secans
793 853 886 909 BP,
907 852 1042 899 dabit
1066 851 1195 899 latus
1213 851 1475 899 icosaedri:
1512 850 1646 912 quod
1670 850 1798 898 latus

412 930 451 976 si
489 929 551 975 sit
586 929 744 991 ipsum
778 927 862 984 Be,
887 927 983 974 erit
1019 927 1166 974 tertia
1201 943 1313 990 pars
1353 935 1500 974 rectae
1525 925 1611 984 Bb,
1637 925 1688 972 id
1724 933 1801 973 est

412 1005 557 1052 tertia
580 1019 691 1066 pars
715 1018 855 1049 arcus
880 1003 966 1050 AC
994 1002 1093 1050 sive
1126 1002 1418 1050 semicirculi
1446 1017 1593 1065 super
1617 1001 1800 1048 diame-

413 1090 488 1128 tro
509 1080 603 1127 EF.
642 1079 708 1126 Ut
732 1078 1043 1125 manifestum
1069 1086 1144 1125 est
1167 1094 1227 1126 ex
1250 1077 1473 1126 Com-eet.
1496 1084 1542 1134 3,
1562 1093 1702 1140 prop.
1716 1076 1800 1125 vii.

479 1156 623 1202 Ratio
647 1171 763 1217 ergo
789 1153 1037 1201 reddenda
1061 1163 1135 1202 est
1155 1170 1303 1217 quare
1324 1181 1376 1213 αγ
1394 1154 1494 1202 sive
1514 1154 1582 1200 Βθ
1599 1152 1800 1216 aequalis

414 1231 586 1278 debeat
610 1246 713 1276 esse
735 1229 894 1276 tertiae
917 1229 1047 1292 parti
1071 1245 1212 1277 arcus
1234 1229 1339 1287 AC,
1358 1229 1410 1276 id
1433 1238 1508 1276 est
1530 1228 1667 1276 arcui
1691 1227 1798 1275 CK.

415 1308 538 1355 Quae
562 1305 756 1368 quidem
791 1305 917 1352 ratio
954 1305 1144 1352 facilius
1179 1305 1319 1352 reddi
1342 1313 1507 1368 posset
1530 1305 1591 1352 ab
1614 1303 1802 1351 intuitu

412 1381 560 1444 ipsius
591 1380 829 1427 icosaedri
862 1380 1018 1428 solidi.
1092 1381 1188 1429 Sed
1213 1381 1443 1444 quoniam
1468 1381 1519 1427 in
1542 1379 1688 1442 plano
1717 1394 1802 1426 ex·

413 1457 530 1519 poni
572 1472 670 1503 non
716 1463 892 1518 potest,
935 1457 1212 1519 proximum
1260 1465 1334 1503 est
1378 1466 1433 1503 ut
1470 1455 1802 1503 describamus

413 1539 623 1594 quatuor
647 1531 892 1594 triangula
920 1547 1128 1595 quorum
1152 1531 1327 1594 viginti
1350 1531 1539 1578 faciunt
1562 1529 1804 1578 icosaedri

415 1608 735 1670 superficiem,
756 1617 806 1654 et
830 1624 888 1654 ea
910 1608 1154 1670 positione
1178 1625 1274 1671 qua
1291 1608 1489 1655 Clavius
1508 1624 1566 1655 ea
1589 1606 1805 1671 disponit

416 1683 478 1730 ad
502 1685 649 1730 finem
674 1699 811 1745 prop.
846 1689 919 1741 16,
944 1684 1096 1731 Elem.
1123 1684 1224 1731 xiii.
1296 1684 1422 1732 Sunt
1459 1699 1578 1747 ergo
1610 1683 1694 1730 illa
1716 1681 1805 1730 tri-

418 1759 595 1820 angula
619 1758 786 1816 DMN,
812 1759 979 1816 MNO,
1001 1759 1161 1818 NOQ,
1188 1759 1342 1808 QOR.

487 1834 542 1880 In
585 1849 642 1880 ea
677 1834 834 1895 figura
869 1834 931 1881 sit
965 1835 1169 1897 sphaerae
1204 1835 1345 1898 polus
1369 1835 1429 1882 D.
1498 1835 1658 1882 Erunt
1687 1848 1805 1896 ergo

420 1917 601 1971 puncta
625 1908 683 1966 D,
701 1909 772 1966 Μ,
791 1909 854 1966 Ν,
870 1909 929 1966 Ο,
957 1909 1018 1966 Q,
1043 1910 1086 1956 R
1110 1910 1158 1956 in
1184 1910 1439 1972 superficie
1463 1910 1666 1972 sphaerae
1690 1924 1808 1956 cou-

422 2000 541 2030 cava
562 2003 571 2030 :
609 1992 659 2030 et
683 1993 941 2047 propterea
964 1994 1114 2033 rectae
1138 1986 1259 2043 MN,
1286 1985 1393 2044 ΝΟ,
1420 1985 1514 2040 OQ
1538 2001 1640 2032 non
1665 1992 1810 2033 erunt

421 2059 468 2104 in
496 2059 665 2106 eodem
700 2060 844 2122 plano
885 2077 996 2108 cum
1035 2061 1232 2124 punctis
1259 2061 1302 2108 D
1327 2069 1376 2109 et
1403 2061 1460 2120 R,
1486 2077 1596 2124 quae
1619 2060 1811 2108 suntin

420 2134 566 2196 plano
590 2151 676 2197 per
701 2135 991 2184 diametrum
1019 2137 1238 2200 sphaerae.

491 2209 653 2256 Quare
672 2211 797 2258 latus
816 2212 1054 2260 icosaedri
1074 2213 1298 2276 procedit
1321 2229 1351 2260 a
1367 2213 1480 2276 polo
1496 2213 1540 2260 D
1557 2212 1620 2260 ad
1642 2211 1809 2275 polum

425 2284 468 2330 R
491 2301 577 2346 per
601 2286 810 2349 quinque
835 2296 996 2335 rectas
1020 2288 1247 2351 aequales,
1272 2289 1502 2335 nimirum
1527 2303 1557 2334 a
1580 2287 1624 2335 D
1648 2286 1713 2335 ad
1735 2286 1807 2345 M,

423 2359 483 2405 ab
510 2360 559 2405 M
587 2360 647 2406 ad
673 2361 734 2417 Ν,
759 2363 819 2409 ab
846 2363 890 2410 N
917 2363 981 2410 ad
1005 2364 1064 2421 O,
1090 2363 1151 2411 ab
1177 2364 1220 2411 O
1243 2362 1307 2411 ad
1331 2363 1443 2421 Q‚a
1467 2362 1595 2412 Qad
1619 2363 1679 2410 R.
1749 2362 1809 2410 In

424 2443 555 2481 motu
582 2446 742 2483 autem
768 2438 925 2499 primo
950 2456 980 2486 a
1003 2439 1047 2486 D
1067 2439 1131 2486 ad
1156 2438 1210 2486 M
1231 2447 1547 2502 promovetur
1560 2453 1728 2486 versus
1747 2438 1809 2486 R.

424 2510 625 2566 Rursus,
672 2511 733 2558 ab
771 2512 824 2559 M
863 2513 925 2560 ad
966 2514 1013 2560 N
1052 2530 1152 2562 non
1189 2521 1504 2577 promovetur
1543 2529 1711 2561 versus
1748 2514 1809 2562 R.

423 2585 587 2632 Tertio
619 2586 679 2633 ab
706 2586 750 2633 N
776 2588 837 2635 ad
862 2589 904 2636 Ο
930 2598 1246 2652 promovetur
1269 2597 1506 2653 quantum
1530 2606 1566 2649 a,
1583 2589 1628 2637 D
1651 2589 1715 2637 ad
1739 2590 1810 2638 M.

425 2660 613 2708 Quarto
659 2662 718 2708 ab
767 2663 809 2709 Ο
856 2664 918 2711 ad
962 2665 1009 2713 Q
1045 2681 1146 2712 non
1191 2671 1507 2728 promovetur
1546 2680 1714 2713 versus
1752 2665 1812 2714 R.

425 2736 610 2783 Quinto
653 2753 682 2783 a
726 2737 772 2785 Q
812 2749 1127 2801 promovetur
1166 2740 1230 2788 ad
1269 2740 1427 2803 ipsum
1473 2749 1711 2803 punctum
1750 2741 1810 2790 R.

426 2810 593 2873 ltaque
618 2827 705 2873 per
729 2813 943 2877 quinque
968 2825 1127 2863 rectas
1151 2815 1377 2878 aequales,
1396 2831 1505 2879 quae
1523 2815 1677 2863 latera
1695 2825 1812 2864 sunt

423 2886 679 2945 icosaedri,
706 2888 759 2935 fit
786 2898 944 2938 motus
969 2908 997 2939 a
1021 2891 1133 2955 polo
1157 2890 1220 2940 ad
1243 2891 1425 2955 polum.
1488 2890 1584 2940 Sed
1607 2899 1812 2957 propter
