1982 3204
418 253 507 294 156
715 263 1006 296 PniNcn’IA
1034 264 1100 296 ET
1129 263 1498 298 PnonLEMATA

191 390 328 416 CAP-1-
410 375 451 422 si
475 383 682 439 exurgat
705 375 858 440 lepus,
893 376 1054 423 emissi
1087 392 1232 423 canes
1267 376 1318 423 in
1355 392 1405 424 se
1448 384 1617 425 mutuo
1652 386 1802 426 ruunt

146 478 345 515 „emm-0020,
409 450 659 514 lepusculo
700 451 951 515 fugiente:
1000 452 1068 499 ita
1109 452 1159 498 in
1207 452 1402 499 theatro
1449 452 1800 516 disputantium

145 522 303 559 Pfin⁰¹1³³¹⁸’
317 526 371 550 ⁰²⁰·
411 526 494 591 qui
518 527 578 574 de
602 527 808 576 victoria
827 535 1036 584 certant,
1055 527 1234 575 veritas
1253 527 1478 590 neglecta
1501 529 1688 592 effugit.
1738 530 1802 577 Et

409 609 612 666 propter
634 603 762 651 hanc
786 619 998 660 causam,
1026 618 1200 665 nempe
1240 603 1304 650 ad
1327 603 1568 651 tollendas
1600 604 1801 652 distinc-

411 677 585 736 tiones,
608 695 638 726 a
660 678 776 727 viris
800 678 1102 742 sapientibus
1125 678 1408 726 introducta
1432 686 1506 727 est
1528 679 1765 741 definitio.

477 753 611 802 Bene
634 763 800 802 autem
825 754 1043 812 definire,
1068 753 1119 801 id
1143 762 1232 813 est,
1268 770 1373 802 rem
1400 755 1709 803 subauditam
1731 756 1801 804 ita

407 830 570 878 verbis
616 830 930 893 undiquaque
977 829 1219 888 claudere,
1262 829 1411 894 idque
1457 830 1713 894 perspicue
1750 840 1801 880 et

413 905 670 968 (quantum
711 905 817 953 fieri
849 905 1034 968 potest)
1076 905 1305 964 breviter,
1331 914 1386 953 ut
1425 906 1547 953 nihil
1583 906 1801 969 ambigui

409 981 730 1044 relinquatur,
764 980 959 1028 difficile
984 980 1140 1038 valde,
1164 996 1255 1028 nec
1293 988 1393 1028 tam
1418 982 1537 1029 artis
1562 997 1708 1044 quam
1728 982 1801 1029 in-

410 1056 632 1104 tellectus
656 1056 892 1103 naturalis
917 1071 1038 1118 opus
1063 1064 1149 1103 est.
1222 1056 1318 1103 Sed
1346 1056 1565 1104 levamur
1587 1057 1801 1106 maxima

408 1141 549 1195 parte
604 1132 902 1179 difficultatis
954 1132 1099 1194 hujus
1152 1131 1395 1180 industria
1437 1142 1801 1196 geometrarum

409 1208 754 1270 antiquorum:
805 1206 898 1254 nisi
944 1207 1076 1270 quod
1122 1207 1338 1255 Euclidis
1386 1207 1608 1256 definitio
1655 1208 1799 1256 lineae

410 1283 714 1331 correctione
738 1283 915 1345 aliqua,
941 1290 1025 1330 aut
1050 1283 1221 1331 saltem
1246 1291 1381 1332 recta
1405 1284 1625 1347 indigeat
1649 1284 1800 1332 inter-

409 1358 699 1421 pretatione.
768 1358 951 1406 Verum
993 1358 1190 1421 quidem
1226 1367 1316 1416 est,
1351 1359 1483 1422 quod
1518 1359 1568 1407 in
1604 1375 1801 1423 compa-

411 1433 577 1481 randis
623 1433 1011 1497 longitudinibus
1051 1433 1325 1481 latitudinis
1370 1434 1554 1482 nullam
1601 1436 1800 1483 omnino

412 1509 653 1557 rationem
690 1509 965 1557 habendam
996 1525 1134 1557 esse:
1170 1509 1221 1556 in
1246 1511 1611 1559 constructione
1635 1519 1802 1560 tamen

412 1586 678 1649 figurarum
703 1585 912 1633 latitudo
936 1585 1212 1634 necessaria
1235 1594 1326 1644 est,
1351 1586 1466 1650 quia
1502 1587 1606 1635 sine
1636 1587 1802 1636 latitu-

415 1661 528 1709 dine
562 1661 771 1709 describi
808 1662 1014 1724 figuram
1050 1662 1347 1725 impossibile
1384 1669 1473 1710 est.
1544 1663 1650 1711 Nec
1687 1665 1802 1712 sciri

412 1745 575 1800 potest
599 1738 650 1785 in
674 1737 803 1785 linea
826 1737 925 1785 lata
948 1737 1077 1785 linea
1109 1738 1194 1786 illa
1224 1738 1478 1786 invisibilis
1503 1740 1585 1787 ubi
1608 1740 1703 1788 loci
1726 1741 1802 1789 in-

413 1812 569 1876 telligi
604 1819 844 1876 oporteat.
915 1813 1121 1862 Caeterae
1168 1830 1446 1878 quanquam
1487 1831 1588 1870 non
1633 1832 1801 1866 omnes

414 1887 512 1935 sint
548 1888 883 1947 exactissimae,
918 1889 1032 1952 quia
1066 1898 1231 1937 tamen
1265 1906 1395 1938 verae
1430 1898 1544 1939 sunt
1579 1894 1800 1956 proposi-

413 1963 588 2022 tiones,
613 1964 1052 2013 demonstrationes
1077 1966 1181 2028 ejus
1205 1982 1306 2013 non
1330 1975 1665 2030 corrumpunt.

480 2040 604 2088 Sunt
627 2048 792 2087 autem
818 2040 1124 2089 definitiones
1150 2041 1359 2089 duorum
1382 2058 1642 2105 generum:
1678 2059 1800 2107 quo-

410 2131 520 2163 rum
560 2115 769 2163 alterum
812 2116 882 2163 rei
922 2125 1149 2164 naturam
1192 2117 1322 2165 nude
1354 2117 1554 2176 indicat,
1591 2119 1800 2167 alterum

410 2191 558 2238 etiam
596 2207 791 2238 causam
824 2191 925 2239 sive
959 2192 1159 2240 modum
1199 2193 1529 2255 generationis
1569 2195 1797 2258 explicat.

411 2265 511 2313 111ae
544 2273 708 2313 autem
739 2265 1050 2314 definitiones
1082 2276 1197 2315 sunt
1229 2268 1292 2315 ad
1324 2268 1579 2317 scientiam
1602 2286 1799 2333 promo-

409 2341 617 2389 vendam
642 2342 921 2401 utilissimae,
947 2358 1055 2405 quae
1088 2359 1258 2391 causas
1288 2343 1477 2392 definiti
1514 2352 1563 2392 et
1597 2346 1798 2394 modum

409 2417 678 2481 generandi
702 2418 973 2465 continent.
1043 2418 1225 2466 Verum
1254 2419 1383 2466 enim
1417 2426 1490 2467 est
1518 2420 1636 2468 illud
1662 2421 1798 2470 Aris-

411 2494 590 2551 totelis,
626 2493 757 2541 seire
787 2499 862 2541 est
884 2510 985 2558 per
1008 2511 1208 2542 eausam
1238 2494 1385 2542 scire.
1457 2495 1663 2545 Caeterae
1688 2513 1799 2561 quae

411 2568 716 2617 solummodo
770 2568 1020 2617 declarant
1073 2568 1261 2616 definiti
1315 2570 1590 2628 essentiam,
1636 2572 1798 2621 minus

409 2644 648 2693 foecundae
668 2644 769 2692 fere
785 2653 920 2692 sunt:
946 2644 1066 2692 nihil
1086 2644 1216 2692 enim
1236 2661 1296 2692 ex
1315 2645 1409 2692 illis
1428 2646 1647 2709 sequitur
1664 2647 1797 2710 quod

409 2737 509 2769 non
529 2729 675 2769 antea
692 2720 743 2768 in
759 2720 876 2784 ipsis
896 2721 1261 2769 continebatur:
1287 2736 1444 2783 neque
1466 2721 1614 2770 refert
1630 2731 1798 2772 utrum

409 2797 734 2862 proprietates
780 2796 971 2844 illarum
1019 2796 1326 2861 appellentur
1372 2796 1697 2859 definitiones,
1733 2814 1797 2847 an

411 2873 718 2923 definitiones
733 2872 1075 2939 proprietates
1101 2872 1430 2922 nominentur.
