1982 3204
286 288 349 331 92

285 432 490 480 rumque
513 418 753 481 principia
776 424 825 466 et
847 417 1165 466 fundamenta
1189 415 1311 464 adeo
1336 416 1434 464 alte
1458 416 1651 466 defossa
1673 426 1802 477 sunt,

285 507 473 570 acquiri
491 515 712 570 possunt.

355 595 568 644 Nescitis
591 596 734 654 forte,
759 596 849 643 viri
880 595 1072 653 excelsi,
1098 594 1181 659 qui
1216 594 1312 642 hoc
1341 610 1521 658 genere
1553 596 1803 659 sapientiae

287 700 448 748 neque
463 684 523 732 ad
548 685 754 748 gloriam
778 700 934 748 neque
957 684 1021 732 ad
1044 691 1286 747 quaestum
1309 684 1555 747 indigetis,
1571 685 1623 733 in
1647 685 1804 734 homi-

290 773 432 821 nibus
456 773 562 821 aliis
587 773 696 821 duae
727 774 819 820 illae
843 789 935 831 res,
960 773 1117 837 gloria
1148 781 1199 821 et
1233 789 1367 837 opes,
1393 783 1577 837 quanta
1604 775 1805 838 pariunt

286 863 555 911 certamina
578 863 899 926 ingeniorum.
972 861 1118 910 Scitis
1142 862 1337 925 quantis
1361 870 1552 911 certant
1573 863 1804 912 conviciis

285 952 575 1016 philosophi,
602 960 652 1000 et
675 968 819 1015 quam
843 959 958 999 sunt
982 952 1202 1000 convicia
1236 952 1415 1000 civium
1449 952 1561 1015 paci
1593 953 1803 1016 publicae

284 1042 495 1089 inimica.
577 1042 699 1089 Haec
730 1057 792 1089 ne
828 1042 966 1100 fiant,
1004 1048 1222 1089 vestrum
1255 1049 1330 1090 est
1365 1058 1466 1091 non
1507 1043 1800 1091 certantium

284 1131 556 1194 prohibere.
617 1130 762 1179 Quod
786 1130 982 1194 quidem
1006 1131 1098 1179 etsi
1123 1130 1184 1178 de
1208 1131 1400 1195 scriptis
1419 1132 1522 1194 jam
1545 1139 1660 1180 ante
1683 1133 1802 1196 pub-

283 1220 443 1268 licatis
476 1237 620 1283 quam
644 1219 707 1268 ad
731 1236 817 1268 vos
840 1220 1078 1278 ferantur,
1102 1220 1265 1268 facere
1296 1221 1591 1284 impossibile
1615 1221 1704 1270 sit:
1740 1238 1803 1270 ne

282 1310 583 1373 recipiantur
627 1316 806 1368 tamen,
853 1325 977 1357 neve
1023 1325 1053 1357 a
1090 1309 1225 1357 vobis
1271 1308 1323 1357 in
1368 1309 1802 1359 Transactionibus

282 1402 549 1449 scurrilitas
572 1401 671 1449 ulla
694 1408 779 1449 aut
813 1417 1029 1450 scomma
1050 1401 1103 1449 in
1134 1401 1295 1450 lucem
1317 1401 1540 1465 prodeat,
1564 1402 1800 1467 impedire

280 1489 423 1538 facile
448 1497 535 1538 est.
606 1490 740 1539 Quid
764 1491 895 1538 enim
919 1491 1168 1539 hominem
1198 1491 1382 1555 ingenii
1407 1492 1532 1539 recti
1565 1498 1748 1541 terrere
1772 1509 1803 1542 a

281 1581 538 1629 scribendo
566 1581 722 1644 magis
752 1589 933 1644 potest,
959 1598 1106 1646 quam
1145 1582 1410 1630 obnoxium
1442 1598 1494 1630 se
1530 1582 1636 1630 fore
1674 1583 1800 1632 scire

282 1670 588 1719 contumeliis
606 1669 970 1718 aemulantium?
1006 1670 1334 1734 Philosophia,
1349 1679 1405 1720 ut
1422 1679 1628 1729 crescat,
1645 1672 1801 1721 libera

282 1776 385 1808 esse
423 1760 583 1820 debet,
613 1776 706 1809 nec
738 1767 873 1808 metu
909 1776 1001 1808 nec
1035 1759 1223 1824 pudore
1260 1761 1547 1810 coercenda.
1618 1762 1801 1810 Lucem

283 1866 421 1898 suam
458 1850 747 1898 naturaliter
783 1857 1018 1914 tanquam
1062 1849 1115 1897 in
1155 1849 1289 1898 silice
1327 1850 1610 1898 conclusam
1653 1851 1800 1914 gerit.

283 1938 404 1985 Inde
440 1938 775 2002 frequentibus
809 1938 1120 2002 ingeniorum
1158 1937 1490 1987 collisionibus
1524 1938 1800 1988 scintillulae

281 2026 582 2074 excutiendae
601 2034 728 2086 sunt,
749 2043 859 2091 quae
882 2026 1160 2075 foventibus
1178 2027 1315 2075 vobis
1334 2027 1599 2076 clarissime
1618 2036 1668 2077 et
1686 2045 1802 2077 con-

281 2123 470 2163 stanter
493 2132 670 2179 magno
693 2116 887 2180 generis
911 2116 1112 2164 humani
1135 2116 1392 2165 commodo
1424 2124 1475 2165 et
1509 2125 1798 2167 ornamento

279 2204 479 2252 tandem
516 2205 844 2254 collucebunt.
912 2206 1074 2269 Atque
1113 2205 1211 2254 huc
1245 2213 1435 2270 spectat
1474 2206 1555 2255 bic
1590 2206 1798 2267 libellus,

280 2309 424 2358 quem
447 2294 584 2342 vobis
607 2295 757 2343 offero
782 2294 1077 2358 dedicoque;
1102 2296 1154 2343 in
1179 2311 1276 2359 quo
1300 2304 1556 2360 surgentes
1581 2312 1641 2344 ex
1663 2296 1799 2345 Wal-

278 2383 374 2431 lisii
398 2391 450 2431 et
474 2384 710 2432 Hobbesii
734 2385 1064 2433 collisionibus
1097 2385 1383 2433 scintillulas
1407 2385 1544 2434 vobis
1567 2386 1798 2435 ostendo:

278 2487 413 2535 quas,
439 2472 479 2520 si
502 2482 796 2533 mereantur,
821 2481 1038 2522 vestrum
1062 2482 1137 2523 est
1165 2474 1346 2534 fovere,
1371 2482 1421 2523 et
1455 2482 1686 2524 conatum
1709 2493 1798 2525 au·-

278 2560 434 2609 thoris
458 2578 597 2625 aequo
622 2562 784 2611 animo
809 2563 1030 2627 accipere
1055 2563 1458 2628 qualemcunque.

493 2701 851 2752 Celsitudinum
874 2710 1146 2754 vestrarum
1167 2719 1332 2753 servus
1350 2703 1650 2754 humillimus

1571 2837 1631 2889 R.
1668 2837 1726 2886 R.
