1982 3204
199 715 408 743 DEFINITIO

279 770 321 796 11.

206 814 396 839 s--f-—ae

456 282 516 325 52
666 292 960 327 DOCTRINAE
987 292 1347 328 WALLISIANAE
1375 293 1447 326 DE
1473 293 1631 327 Mo'rU

951 511 1243 546 DEFINITIO
1278 511 1339 546 11.

654 607 754 655 Per
775 613 948 655 motum
973 605 1201 670 intelligo
1219 613 1395 654 motum
1418 605 1637 655 localem.

518 699 748 748 Definitio
778 715 878 746 non
913 704 1000 746 est.
1065 687 1205 746 'Quid
1237 714 1354 762 ergo
1384 699 1495 747 istic
1526 699 1661 762 agit?
1729 699 1839 748 Dis-

453 776 675 839 tinguere
699 775 851 822 voluit
874 782 1062 821 motum
1085 774 1290 822 localem
1315 790 1344 823 a
1367 776 1698 838 generatione,
1723 792 1838 840 aug·

451 851 765 908 mentatione,
782 857 831 897 et
849 849 1153 896 alteratione.
1195 849 1295 897 Cur
1312 865 1429 913 ergo
1454 866 1553 897 non
1579 850 1838 899 distinxit?

452 927 579 974 Nam
618 926 733 973 dum
770 932 929 972 motus
966 924 1057 971 hos
1095 923 1159 973 ad
1199 931 1388 975 motum
1427 926 1633 974 localem
1669 926 1839 975 reduci

451 1017 593 1065 posse
618 1000 752 1058 dicit,
776 1015 876 1046 non
901 998 1175 1062 distinguit,
1202 999 1287 1047 Sed
1315 999 1597 1049 confundit:
1631 1002 1746 1065 quia
1775 1002 1839 1050 ad

452 1086 639 1125 motum
683 1076 903 1134 localem,
942 1074 1038 1122 nisi
1082 1081 1246 1124 motus
1291 1075 1459 1125 localis
1503 1076 1673 1126 reduci
1716 1077 1839 1126 nihil

450 1159 628 1217 potest.

939 1283 1234 1318 DEF1N1T10
1262 1283 1350 1318 111.

517 1371 808 1419 Momentum
849 1368 1067 1434 appell0,
1114 1368 1174 1417 id
1215 1368 1344 1432 quod
1385 1369 1534 1417 motui
1585 1369 1843 1432 efficiendo

451 1445 692 1493 conducit.

516 1521 573 1568 Id
613 1528 687 1568 est
727 1536 914 1579 manus,
955 1519 1123 1579 vectis,
1165 1535 1323 1578 arcus,
1361 1526 1411 1568 et
1456 1519 1838 1569 instrumentum

448 1612 590 1643 omne
615 1611 710 1659 quo
746 1595 809 1643 ad
848 1594 1144 1643 movendum
1173 1595 1375 1654 utimur,
1409 1602 1482 1643 est
1517 1603 1838 1645 momentum.

449 1671 741 1719 Ridiculum.
821 1670 1055 1718 Nondum
1095 1669 1344 1733 intelligit,
1377 1669 1495 1733 quid
1531 1670 1594 1718 sit
1634 1687 1837 1720 momen-

450 1752 562 1795 tum.
631 1747 938 1794 Momentum
962 1746 1093 1793 enim
1125 1753 1200 1793 est
1231 1745 1564 1809 ponderantis,
1587 1762 1678 1810 pro
1702 1754 1841 1796 certo

450 1822 561 1879 situ,
587 1830 722 1869 certa
753 1821 816 1869 ad
852 1820 1147 1870 movendum
1176 1822 1415 1885 potentia.
1484 1822 1614 1870 Nam
1650 1822 1837 1886 ponde-

449 1897 600 1944 rantis
625 1898 824 1946 effectus
847 1898 1003 1961 major
1025 1897 1103 1947 vel
1127 1898 1286 1946 minor
1309 1905 1397 1956 est,
1422 1906 1569 1962 prout
1590 1898 1663 1963 (in
1686 1899 1833 1962 libra)

449 1972 640 2035 longius
663 1972 739 2020 vel
761 1972 960 2036 propius
985 1988 1014 2020 a
1033 1979 1201 2020 centro
1225 1972 1363 2022 librae
1383 1972 1549 2022 distat.

942 2130 1236 2165 DEFINITIO
1263 2131 1341 2166 lv.

518 2215 916 2281 Impedimentum
953 2224 1047 2278 est,
1084 2215 1143 2266 id
1178 2216 1315 2283 quod
1353 2216 1507 2265 motui
1542 2215 1724 2274 obstat,
1759 2214 1842 2264 vel

450 2308 553 2339 eum
577 2292 795 2357 impedit.

515 2367 730 2415 Verbum
749 2369 956 2433 impedit
972 2385 1072 2418 non
1096 2375 1229 2418 recte
1251 2369 1452 2433 ponitur
1474 2369 1527 2416 in
1551 2366 1835 2416 definitione

450 2442 798 2505 impedimenti.
856 2445 936 2493 Ad
959 2444 1080 2494 duas
1104 2445 1191 2494 has
1215 2443 1539 2500 definitiones,
1558 2443 1667 2492 loco
1685 2443 1836 2507 expli-

450 2518 671 2577 cationis,
696 2535 791 2583 qua
813 2520 953 2568 valde
978 2521 1218 2585 indigent,
1241 2536 1396 2584 nugas
1427 2521 1605 2569 iterum
1636 2518 1834 2582 subjicit

450 2595 806 2657 grammaticas,
823 2596 902 2644 vix
918 2612 1069 2660 puero
1094 2596 1295 2660 dignas:
1320 2612 1512 2660 nempe,
1530 2603 1835 2643 momentum

450 2685 480 2717 a
503 2685 689 2727 moveo,
713 2670 1114 2734 impedimentum
1137 2672 1199 2720 ab
1230 2670 1459 2735 impediO,
1481 2678 1531 2719 et
1554 2669 1835 2734 hujusmodi

450 2744 544 2792 alia
573 2745 714 2807 plura
746 2762 890 2809 quam
914 2747 1090 2810 viginti
1126 2746 1191 2796 ad
1227 2746 1502 2811 subjectum
1537 2761 1679 2795 suum
1710 2743 1835 2794 nihil

449 2820 723 2879 attinentia,
747 2822 1011 2871 ambitione
1034 2823 1223 2887 puerili.

514 2895 702 2944 Deinde
748 2896 811 2944 ad
849 2906 1150 2947 momentum
1196 2897 1345 2947 refert
1390 2897 1490 2947 vim
1529 2904 1580 2946 et
1623 2903 1832 2960 tempus,
