1982 3204
475 300 719 341 ALIQUOT
745 298 1103 352 Gnoxss'rmca
1131 298 1247 332 E‘rc.
1462 292 1552 335 163

172 415 396 477 integrae,
430 429 540 477 quae
564 421 638 461 est
669 418 744 471 15,
776 410 840 459 ad
862 410 1021 467 aliam,
1054 415 1144 457 12:
1191 410 1361 472 positis
1384 411 1555 461 ordine

173 494 223 548 8,
252 495 327 546 12,
357 495 430 547 15,
454 488 765 553 perspicuum
787 494 879 542 est,
913 483 1154 533 subducta
1189 485 1379 532 ratione
1411 492 1466 535 12
1492 486 1556 535 ad

179 570 255 623 15,
273 564 324 613 id
348 574 424 612 est
441 571 468 612 4
489 563 553 612 ad
570 571 615 622 5,
633 578 663 611 a
687 562 876 611 ratione
899 561 1094 623 integra
1118 565 1147 607 8
1166 559 1230 607 ad
1254 566 1327 618 15,
1347 562 1555 624 relinqui

174 638 779 698 8ad12,idest2ad3.

243 714 765 778 x111.Multiplicatur
787 711 915 760 ratio
936 710 1161 759 faciendo
1184 718 1240 759 ut
1263 711 1556 761 antecedens

174 791 240 840 ad
261 798 656 853 consequentem,
679 789 750 837 ita
772 794 1149 850 consequentem
1181 787 1245 835 ad
1272 787 1483 846 tertiam,
1509 796 1558 836 et

174 867 245 916 ita
266 867 463 915 tertiam
486 864 550 913 ad
571 871 795 928 quartam
818 870 913 910 etc.
1501 852 1534 903 Χ

242 957 359 990 xlv.
395 940 641 989 Dividitur
664 939 790 987 ratio
813 954 901 1001 per
918 953 1191 996 numerum,
1209 937 1406 1002 quando
1429 938 1559 987 inter

173 1016 544 1066 antecedentem
582 1023 633 1063 et
671 1022 1055 1077 consequentem
1094 1014 1425 1078 interponitur
1460 1030 1560 1063 una

172 1092 249 1141 vel
270 1091 434 1156 plures
458 1090 632 1138 mediae
654 1088 1059 1153 proportionales.

239 1181 335 1215 xv.
361 1166 413 1214 Si
428 1166 611 1213 fuerint
628 1172 942 1228 quotcunque
959 1164 1323 1227 magnitudines
1341 1164 1559 1228 ejusdem

172 1242 383 1306 generis,
414 1242 541 1289 ratio
581 1241 752 1304 primae
789 1240 854 1288 ad
892 1240 1115 1288 ultimam
1151 1241 1463 1303 componitur
1499 1256 1560 1288 ex

172 1317 445 1365 rationibus
481 1317 652 1380 primae
688 1315 752 1363 ad
784 1315 1066 1371 secundam,
1104 1315 1332 1364 secundae
1366 1315 1430 1363 ad
1463 1323 1562 1363 ter-

171 1393 308 1451 tiam,
342 1401 394 1440 et
425 1392 495 1440 sic
536 1391 766 1455 deinceps
801 1406 956 1454 usque
989 1390 1056 1439 ad
1093 1391 1330 1439 ultimam.
1401 1392 1470 1439 Ut
1509 1390 1570 1438 in‘

171 1468 388 1516 numeris
427 1467 811 1531 quibuscunque,
841 1474 889 1524 4,
924 1471 972 1523 9,
1016 1471 1089 1524 10,
1126 1473 1190 1513 3:
1232 1466 1358 1514 ratio
1389 1473 1418 1513 4
1443 1466 1507 1514 ad
1530 1473 1561 1514 3

174 1542 488 1607 componitur
510 1558 571 1590 ex
594 1542 865 1590 rationibus
888 1548 917 1588 4
943 1540 1008 1588 ad
1030 1546 1078 1598 9,
1103 1548 1152 1589 et
1174 1547 1205 1588 9
1229 1541 1294 1589 ad
1323 1547 1398 1599 10,
1424 1550 1475 1589 et
1504 1547 1563 1590 10

173 1618 240 1668 ad
263 1624 313 1667 3.
383 1616 532 1667 Quod
552 1633 583 1665 a
604 1617 824 1680 pluribus
847 1616 1236 1664 demonstratum
1259 1625 1350 1666 est.

242 1708 363 1743 xvl.
397 1693 486 1741 Est
529 1701 697 1740 autem
737 1700 1033 1754 comparatae
1079 1692 1368 1755 quantitatis
1405 1707 1562 1755 genus

173 1767 322 1827 aliud,
341 1767 472 1831 quod
494 1768 621 1816 ratio
645 1768 795 1815 etiam
819 1766 1014 1826 dicitur,
1028 1783 1127 1815 non
1152 1767 1451 1830 simpliciter,
1475 1767 1563 1815 sed

174 1843 304 1892 ratio
327 1843 662 1891 arithmetica.
718 1843 962 1891 Dicuntur
983 1843 1114 1890 enim
1137 1851 1348 1907 quatuor
1370 1844 1560 1906 quanti·

175 1924 304 1967 tates
348 1934 453 1967 esse
493 1918 546 1966 in
583 1918 773 1966 ratione
812 1917 1134 1976 arithmetica,
1171 1917 1370 1981 quando
1406 1918 1562 1966 altera

175 1992 383 2044 alteram
419 2000 658 2057 perpetuo
703 2000 903 2057 superat
944 1993 1212 2057 aequalibus
1257 1993 1560 2042 differentiis.

178 2068 322 2118 Circa
342 2085 489 2132 quam
511 2069 752 2117 rationem
776 2068 936 2117 dicam
971 2069 1328 2129 tantummodO,
1351 2069 1399 2117 εἰ
1429 2069 1563 2118 linea

177 2151 373 2193 secetur
402 2144 453 2192 in
476 2151 660 2209 partes
695 2143 911 2208 aeqnales
941 2149 1031 2203 tot,
1057 2144 1107 2192 iu
1137 2151 1250 2208 quot
1284 2145 1451 2193 secari
1489 2145 1562 2193 in·

177 2219 450 2284 telligibile
485 2226 576 2278 est,
614 2219 778 2267 media
814 2219 1214 2284 proportionalis
1255 2220 1563 2284 geometrica

180 2294 312 2344 inter
333 2294 577 2360 quaslibet
616 2295 744 2343 duas
775 2301 955 2358 partes
981 2296 1244 2359 proximas
1266 2295 1368 2343 erit
1390 2296 1563 2344 eadem

178 2386 286 2420 mun
330 2370 494 2419 media
533 2370 864 2419 arithmetica.
933 2370 986 2419 Si
1026 2379 1220 2419 secetur
1264 2371 1395 2419 enim
1434 2371 1564 2419 linea

181 2444 299 2497 doxa
334 2446 386 2494 in
421 2453 602 2510 putee,
635 2445 846 2509 exempli
878 2461 1026 2494 causa
1059 2446 1111 2495 in
1145 2453 1175 2495 2
1200 2455 1252 2495 et
1281 2453 1367 2495 16:
1403 2446 1565 2494 media

180 2521 559 2584 proportionalis
581 2521 891 2570 arithmetica
911 2521 1005 2569 erit
1029 2524 1058 2578 7
1064 2523 1109 2570 ²¹¹².
1158 2522 1330 2585 Itaque
1353 2529 1400 2580 2,
1418 2527 1467 2580 9,
1489 2528 1563 2579 16,

182 2602 299 2644 sunt
339 2596 572 2666 continue
616 2596 1007 2660 proportionales
1052 2597 1391 2646 arithmeticae.
1476 2597 1564 2646 Est

185 2677 354 2719 autem
403 2670 565 2719 media
619 2671 998 2735 proportionalis
1053 2673 1354 2735 geometrica
1404 2672 1564 2720 minor

185 2758 333 2808 quam
354 2751 403 2794 6.
470 2746 558 2794 Sin
596 2746 725 2795 linea
762 2746 934 2795 eadem
970 2746 1126 2795 divisa
1158 2755 1288 2796 esset
1317 2747 1367 2795 in
1402 2754 1565 2810 partes

689 2912 711 2933 ⁸
748 2911 812 2951 Sic
832 2911 923 2951 edit.
946 2911 1056 2950 1674.

1328 2987 1367 3019 M
1394 2989 1412 3017 2

1625 429 1716 456 CAP.
1737 430 1781 456 U.

1606 474 1798 494 *nr—³

1612 516 1789 546 Det-atian-
