1982 3204
605 274 926 309 TuAc'rAws
954 274 1205 309 OPTICUS.
1499 269 1596 312 243

202 340 542 448 profunditate
588 385 980 450 perpendiculari
1027 384 1142 433 DH.
1222 385 1319 433 Sed
1365 389 1596 450 quoniam
1642 408 1859 434 raonxm.

202 458 401 508 densius
425 459 659 508 statuitur
693 460 907 508 medium
943 459 1071 508 infra
1106 460 1306 523 planum
1339 478 1483 524 quam
1517 480 1596 511 su-

200 550 308 598 pra,
334 535 399 583 sit
422 535 700 583 immersum
721 544 956 599 punctum
984 535 1023 582 B
1043 534 1379 598 profunditate
1404 546 1598 586 tantum

201 610 284 659 EI.
355 611 443 659 Est
479 611 630 674 igitur
666 611 795 659 linea
834 610 955 658 lucis
987 611 1090 673 jam
1116 610 1196 658 ΟΕ
1232 610 1363 659 facta
1399 614 1598 676 aequalis

200 694 347 734 reetae
372 686 493 733 AB:
530 695 578 734 et
615 686 764 734 ducta
789 686 876 734 Kc
898 685 1291 749 perpendiculari
1329 687 1393 734 ad
1427 688 1523 753 GE,
1549 698 1597 737 et

199 760 283 808 LC
306 760 369 809 ad
394 761 493 818 CB,
528 761 623 808 erit
645 760 854 824 angulus
877 760 1120 808 refractus
1147 761 1290 819 KCL,
1325 762 1405 810 cui
1431 772 1595 811 osten-

198 851 283 884 sus
306 836 449 884 estin
472 836 781 899 praecedente
806 836 1005 899 aequalis
1036 836 1160 884 ECI.
1228 837 1317 885 Est
1354 854 1472 902 ergo
1510 855 1596 886 an-

197 911 302 975 guli
338 911 534 959 refracti
566 912 617 959 in
642 911 792 959 denso
828 911 963 959 sinus
991 911 1074 959 EI.
1144 912 1209 960 Et
1233 912 1349 975 quia
1387 913 1597 976 angulus

198 986 331 1035 ABC
355 986 554 1050 aequalis
579 994 651 1034 est
675 986 858 1049 angulo
881 986 1231 1046 inclinationis,
1255 996 1312 1036 ut
1346 996 1598 1037 ostensum

198 1070 275 1110 εει
308 1060 361 1109 in
391 1060 720 1124 praecedente,
746 1070 797 1110 et
831 1061 946 1110 huic
981 1062 1181 1125 aequalis
1213 1072 1289 1111 est
1313 1063 1469 1112 BCD:
1504 1066 1599 1113 erit

196 1144 336 1186 recta
358 1136 474 1195 DH,
499 1136 648 1185 ducta
670 1137 1091 1201 perpendicularis
1123 1138 1187 1186 ad
1212 1138 1315 1197 CB,
1339 1140 1474 1187 sinus
1510 1156 1598 1188 an-

195 1212 301 1277 guli
339 1211 688 1261 inclinationis.
759 1214 823 1261 Et
858 1213 1009 1261 habet
1040 1213 1138 1261 DH
1163 1214 1228 1262 ad
1249 1215 1316 1263 EI
1354 1216 1597 1263 rationem

197 1302 306 1336 eam
330 1304 476 1352 quam
500 1289 707 1352 requirit
743 1304 937 1353 semper
968 1289 1174 1338 eandem
1202 1291 1471 1339 eorundem
1496 1307 1598 1339 me-

197 1362 393 1413 diorum
425 1363 697 1413 diversitas.
769 1365 1112 1429 Supponamus
1131 1366 1235 1429 jam
1258 1366 1474 1414 medium
1497 1367 1598 1430 pri-

195 1454 333 1488 mum
354 1455 459 1488 esse
482 1439 681 1488 densius
715 1440 949 1499 seeund0,
981 1440 1142 1505 sitque
1181 1441 1435 1489 inclinatio
1470 1441 1596 1490 radii

194 1514 284 1564 Ac
307 1514 474 1563 eadem
501 1531 611 1579 quae
634 1523 765 1564 ante.
831 1515 944 1565 Quo
968 1523 1190 1580 tempore
1214 1533 1333 1580 ergo
1356 1525 1595 1581 puuctum

197 1591 244 1640 A
264 1601 340 1640 est
361 1591 412 1639 in
435 1591 692 1655 superficie
715 1592 864 1640 medii
888 1592 987 1640 rari
1011 1592 1075 1640 ad
1100 1592 1156 1652 C,
1178 1593 1271 1641 erit
1295 1600 1534 1656 punctum
1553 1593 1594 1641 B

194 1665 478 1715 immersum
512 1667 565 1715 in
598 1683 712 1716 raro
753 1667 1090 1731 profunditate
1126 1668 1207 1716 GF
1230 1670 1413 1732 majore
1448 1684 1595 1731 quam

196 1749 273 1791 est
294 1741 391 1790 DH
413 1761 426 1790 ε
462 1742 649 1791 scilicet
671 1759 762 1806 pro
785 1743 977 1791 ratione
1001 1743 1291 1802 mediorum,
1315 1760 1461 1807 quam
1484 1759 1593 1807 sup·

195 1817 447 1882 posuimus
471 1834 577 1866 esse
594 1828 651 1866 ut
674 1818 771 1867 DH
799 1818 864 1866 ad
886 1819 970 1867 EI.
1017 1819 1106 1867 Est
1128 1819 1280 1882 igitur
1303 1819 1383 1868 FG
1406 1818 1471 1867 ad
1493 1818 1592 1867 DH

194 1900 253 1941 ut
272 1892 369 1941 DH
388 1893 453 1941 ad
474 1893 559 1941 EI.
613 1894 740 1942 Sunt
763 1894 929 1957 itaque
953 1895 1186 1943 continue
1202 1894 1594 1959 proportionales

198 1967 296 2026 FG,
310 1968 426 2027 DH,
445 1969 529 2017 ΕΙ.
590 1968 688 2017 Sed
711 1977 963 2018 ostensum
986 1977 1060 2018 est
1083 1970 1134 2018 iu
1157 1970 1482 2034 praecedente‚
1506 1986 1594 2018 au-

195 2043 366 2108 gulum
405 2044 527 2093 BCF
569 2060 673 2092 esse
718 2044 899 2109 angulo
943 2045 1155 2094 refracto
1194 2046 1247 2094 in
1291 2061 1404 2094 raro
1451 2046 1594 2094 LCM

197 2120 463 2184 aequalem:
499 2136 650 2183 quare
689 2121 769 2169 FG
803 2129 880 2168 est
925 2121 1061 2170 sinus
1102 2121 1270 2185 anguli
1304 2121 1503 2170 refracti
1542 2122 1596 2169 in

197 2209 327 2254 raro,
352 2195 480 2243 sicut
503 2195 600 2243 DH
627 2202 701 2243 est
729 2195 864 2244 sinus
886 2197 1054 2260 anguli
1079 2197 1429 2255 inclinationis,
1454 2204 1503 2244 et
1527 2197 1594 2245 EI

199 2267 334 2318 sinus
355 2270 524 2334 auguli
543 2270 741 2318 refracti
764 2271 815 2318 in
840 2270 1007 2319 denso.
1077 2272 1250 2335 Itaque
1269 2272 1403 2320 sinus
1426 2273 1594 2335 anguli

198 2344 398 2394 refracti
419 2347 471 2394 in
495 2362 623 2404 raro,
655 2346 790 2394 sinus
814 2347 983 2411 anguli
1006 2347 1357 2405 inclinationis,
1382 2356 1433 2395 et
1459 2349 1593 2396 sinus

176 2419 366 2482 'auguli
404 2421 602 2470 refracti
639 2424 691 2469 in
729 2422 895 2480 denso,
920 2430 1033 2470 sunt
1060 2423 1294 2471 continue
1318 2424 1594 2486 proportio·

201 2493 351 2543 nales.
419 2496 634 2560 Ideoque
657 2497 698 2544 si
717 2497 815 2546 duo
839 2498 965 2546 radii
983 2498 1234 2563 aequaliter
1258 2498 1478 2546 inclinati
1497 2507 1589 2546 etc.

204 2568 350 2619 Quod
372 2579 480 2619 erat
500 2572 824 2635 probandum.

337 2701 459 2750 Alia
479 2702 832 2754 demonstratio
845 2706 1062 2770 ejusdem
1075 2706 1457 2771 propositionis.

270 2792 347 2841 Sit
367 2793 566 2856 planum
590 2796 752 2846 media
774 2813 1006 2862 separans
1029 2798 1171 2856 GBF,
1205 2806 1256 2846 et
1279 2813 1424 2861 super
1456 2806 1590 2846 recta

1379 2887 1412 2919 R
1436 2890 1456 2917 2

1650 455 1839 476 κ--τ--ν
