1982 3204
278 294 340 337 94
884 304 1184 338 PRAEFATlo.

343 418 635 467 Admirabar
651 435 741 482 ego
766 420 1125 483 propositiones
1152 417 1389 466 Hobbesii
1412 423 1488 466 tot
1510 426 1561 465 et
1579 424 1681 466 tam
1705 417 1792 466 dif-

276 498 458 545 ficiles:
484 498 640 560 magis
659 506 821 546 autem
845 498 1163 561 pertinaciam
1188 497 1307 559 ejus,
1328 496 1461 558 quod
1485 504 1656 544 contra
1679 513 1790 560 geo-

276 584 542 624 metrarum
565 577 709 639 hujus
734 576 883 624 seculi
916 575 1137 633 aestum&
1170 583 1317 637 atque
1350 575 1499 622 etiam
1533 575 1793 638 aliquando

278 663 452 702 contra
475 654 727 701 Euclidem
763 662 812 701 et
848 654 1140 715 interpretes
1175 654 1295 715 ejus,
1334 652 1385 699 id
1420 661 1494 700 est
1527 653 1656 715 ipsos
1680 669 1793 716 geo-

279 731 469 779 metriae
506 739 686 794 patres,
725 730 1022 778 contendere
1056 747 1155 778 non
1197 730 1457 778 desineret.
1527 731 1600 778 Ex
1642 731 1796 779 altera

277 817 433 872 parte,
454 825 552 856 non
586 810 746 855 minus
772 807 1047 855 admirabar
1075 813 1207 867 (cum
1232 807 1397 854 multis
1422 807 1549 868 aliis)
1578 807 1795 871 ejusdem

278 888 328 934 in
354 887 686 934 doctrinarum
720 886 980 949 generibus
1005 886 1112 933 aliis
1143 894 1249 933 tum
1273 886 1518 933 rationum
1550 886 1663 941 vim,
1688 894 1794 934 tum

280 965 507 1012 dictionis
531 963 943 1027 perspicuitatem.
1015 963 1240 1026 Cogitavi
1275 979 1392 1026 ergo
1420 963 1527 1010 fieri
1558 979 1715 1026 posse,
1739 971 1795 1012 ut

277 1042 455 1090 viderit
490 1042 568 1089 ille
600 1043 649 1088 in
685 1041 936 1104 principiis
969 1041 1178 1104 receptis
1207 1040 1391 1104 aliquid
1415 1041 1574 1088 minus
1598 1057 1793 1089 accura-

275 1127 380 1168 tum
408 1137 552 1183 quam
577 1119 843 1182 opportuit,
870 1118 1097 1181 quodque
1121 1118 1326 1165 aliorum
1360 1117 1555 1180 fugerat
1590 1117 1793 1181 diligen-

277 1198 411 1246 tiam.
482 1199 652 1260 Itaque
678 1214 787 1244 cum
813 1197 963 1260 ipsius
992 1205 1097 1244 tum
1121 1196 1330 1243 Wallisii
1354 1196 1794 1244 demonstrationes

277 1285 513 1340 quantum
531 1292 722 1339 possem
739 1275 932 1323 decrevi
951 1275 1213 1339 diligenter
1230 1274 1392 1337 legere
1407 1283 1458 1322 et
1475 1275 1793 1339 perpendere.

276 1354 411 1418 Legi,
450 1354 735 1412 examinavi,
772 1353 1000 1416 judicavi,
1045 1362 1094 1401 et
1129 1353 1369 1416 judicium
1413 1353 1642 1416 publico:
1690 1354 1794 1417 ipse

275 1431 431 1479 libens
455 1433 658 1479 aliorum
684 1432 901 1479 omnium
926 1431 1010 1495 qui
1045 1431 1405 1479 mathematicae
1441 1431 1603 1479 studio
1639 1431 1793 1479 delec-

276 1517 458 1568 tantur,
479 1510 719 1573 judicium
744 1511 1006 1558 subiturus.

870 1667 1206 1700 MANIFESTA.

344 1770 380 1803 1.
427 1755 577 1803 Unum
602 1763 676 1804 est
700 1773 801 1815 ens,
827 1757 928 1805 sive
951 1774 1029 1805 res
1055 1773 1373 1821 quaecunque,
1405 1773 1522 1805 vera
1554 1757 1632 1805 vel
1659 1757 1792 1815 ficta,

276 1840 513 1895 quatenus
537 1843 849 1898 comparatur
873 1852 985 1883 cum
1004 1836 1240 1899 pluribus,
1260 1835 1338 1883 vel
1361 1850 1472 1882 cum
1497 1850 1700 1883 numero
1720 1850 1791 1882 re-

276 1927 399 1958 rum.
471 1912 663 1960 Dicitur
685 1929 892 1976 quoque,
912 1913 1029 1961 licet
1046 1914 1328 1977 improprie,
1354 1912 1536 1960 unitas.

344 2003 404 2036 11.
440 1989 689 2037 Numerus
714 1999 787 2038 est
811 1992 950 2054 plura
969 2008 1082 2051 una,
1108 1992 1209 2040 sive
1234 1991 1397 2054 plures
1421 1991 1653 2038 unitates.
1711 1991 1792 2039 Sic

275 2082 531 2114 numerum
556 2067 775 2116 definivit
798 2069 1054 2118 Euclides:
1091 2085 1198 2128 nec,
1224 2070 1264 2117 si
1299 2085 1399 2117 non
1423 2068 1492 2116 ita
1528 2068 1791 2127 definisset,

276 2145 419 2192 aliter
442 2145 746 2203 definiendus
771 2155 888 2195 erat.

341 2222 485 2270 Pueri
507 2233 671 2271 autem
695 2225 800 2272 haec
825 2241 923 2273 non
949 2224 1201 2284 docentur,
1226 2224 1341 2289 quia
1364 2224 1603 2272 doctrinae
1627 2223 1688 2272 de
1713 2224 1791 2272 de-

272 2300 573 2349 finitionibus
607 2302 825 2351 nondum
850 2311 964 2352 sunt
989 2320 1219 2368 capaces:
1257 2303 1342 2352 sed
1364 2320 1454 2367 pro
1490 2318 1584 2350 uno
1608 2302 1793 2351 habent

274 2379 604 2428 characterem
628 2381 802 2444 ipsum,
827 2397 1002 2446 nempe
1033 2383 1181 2441 hunc,
1213 2388 1231 2431 l
1255 2403 1267 2437 ;
1302 2398 1392 2446 pro
1418 2381 1609 2430 duobus
1644 2381 1791 2440 hunc,

274 2462 335 2513 2;
371 2465 419 2505 et
452 2457 521 2506 sic
552 2458 796 2523 deinceps.
866 2462 1100 2509 Attamen
1135 2461 1204 2509 sic
1228 2476 1421 2525 quoque
1458 2475 1688 2508 numeros
1724 2460 1791 2507 le-

273 2550 406 2597 gere,
429 2535 623 2595 addere,
648 2538 972 2596 substrahere,
999 2538 1338 2602 multiplicare,
1360 2546 1410 2585 et
1434 2536 1667 2595 dividere,
1692 2553 1792 2586 non

267 2614 453 2677 judicio
478 2615 563 2663 sed
588 2617 820 2664 memoria
851 2618 967 2665 satis
1000 2618 1225 2666 celeriter
1260 2616 1485 2665 discunt:
1523 2622 1572 2664 et
1606 2622 1791 2679 postea,

272 2701 522 2741 crescente
547 2710 657 2741 cum
682 2703 829 2743 aetate
853 2712 1017 2744 rerum
1037 2695 1333 2760 cognitione,
1360 2693 1549 2758 quoties
1572 2710 1693 2758 opus
1717 2701 1792 2742 est

316 2865 339 2888 ¹*
363 2865 426 2904 Sic
445 2866 535 2904 edit.
561 2865 673 2905 1672.
732 2864 1044 2917 Quaere‚fastum
1057 2868 1076 2906 ,9
1131 2866 1235 2907 Vide
1253 2865 1316 2904 De
1330 2865 1541 2918 Principiis
1559 2871 1596 2904 et
1612 2864 1788 2904 Ratioci-

273 2936 426 2973 natione
451 2935 751 2974 Gcometrarum.
809 2936 896 2975 Vol.
919 2949 971 2975 iv.
