1982 3204
483 287 731 327 Amouor
755 285 1117 342 GnoMnTch
1145 286 1261 321 Ero.
1470 277 1559 322 185

168 395 343 461 gl'zJu‘,
365 396 438 445 312
475 413 684 461 quorum
707 398 860 446 latera
885 405 1001 445 sunt
1037 397 1243 460 aequalia
1278 398 1425 446 rectis
1463 399 1562 458 BE,
1627 416 1810 444 cmvu.

171 471 263 531 Ek,
281 471 350 531 kl,
366 472 447 532 Im,
463 473 548 521 ml.
649 474 820 537 Itaque
844 473 920 521 hae
943 488 1137 536 quoque
1161 481 1306 520 erunt
1330 475 1562 522 continue
1602 463 1838 536 Dm»

170 547 578 611 proportionales.
651 548 785 612 Ergo
826 547 1182 612 componendo,
1230 556 1286 596 ut
1328 549 1417 596 ΚΒ
1454 550 1563 612 plus
1600 544 1819 582 '’⁰³³⁰”·¹⁵¹'¹²*

174 622 280 681 KB,
306 622 356 670 id
375 632 451 671 est
475 631 580 671 tota
599 624 696 682 ΟΒ,
722 632 797 672 est
820 623 883 671 ad
908 624 993 671 CK
1018 623 1128 687 plus
1153 623 1257 680 ΚΕ,
1277 623 1346 670 ita
1365 624 1458 671 erit
1473 625 1563 672 CK

170 697 281 761 plus
306 698 394 746 ΚΕ
418 698 481 747 ad
506 698 593 747 CK
617 699 726 762 plus
751 699 855 747 Kk:
880 707 931 747 et
954 700 1025 746 ita
1049 699 1138 746 CK
1163 698 1273 762 plus
1298 699 1377 746 Kk
1397 699 1460 747 ad
1478 699 1564 747 CK

170 773 280 837 plus
322 772 402 832 ΚΖ,
438 783 532 822 etc.
604 774 731 822 Sunt
767 790 885 837 ergo
910 774 1009 831 CB,
1036 774 1135 831 ΟΕ,
1152 774 1239 831 Cle,
1260 773 1335 833 ΟΖ,
1355 775 1456 832 Cm,
1474 775 1565 823 CK

171 864 256 897 sex
279 857 428 897 rectae
452 849 683 898 continue
707 850 1097 913 proportionales
1119 868 1130 896 ε
1166 850 1296 897 inter
1320 866 1439 913 quas
1465 849 1565 907 CR,

173 922 263 983 Gk,
282 924 379 983 CL,
402 924 491 972 Cm
515 925 842 973 intercedunt.
913 926 1132 973 Inventae
1157 941 1274 988 ergo
1299 933 1414 973 sunt
1438 926 1566 973 inter

171 998 336 1048 datam
373 1007 558 1047 rectam
590 1009 638 1048 et
679 1000 830 1063 ipsius
867 1000 1123 1048 dimidium
1156 1008 1368 1063 quatuor
1390 1001 1565 1050 mediae

169 1073 574 1138 proportionales.
647 1075 794 1124 Quod
820 1085 926 1124 erat
948 1075 1240 1123 faciendum.

235 1163 285 1198 v.
333 1149 715 1199 Comectarium.
788 1151 839 1199 Si
871 1152 920 1199 in
946 1160 1082 1199 recta
1105 1151 1192 1200 DC
1215 1150 1455 1215 producta
1478 1168 1566 1215 po-

169 1230 316 1272 natur
340 1223 420 1272 CF
446 1225 647 1288 aequalis
671 1226 757 1284 Cle,
782 1234 833 1274 et
871 1226 922 1274 in
962 1227 1043 1275 BC
1076 1227 1317 1291 producta
1352 1237 1566 1290 ponatur

170 1298 264 1350 CM
287 1301 486 1364 aequalis
511 1301 587 1360 CI,
611 1310 662 1350 et
684 1302 735 1350 in
759 1302 845 1350 CD
868 1311 1116 1365 ponantur
1135 1303 1225 1350 CH
1243 1302 1442 1365 aequalis
1462 1303 1563 1360 Cm,

169 1383 221 1424 et
251 1375 458 1440 denique
490 1377 764 1441 jungantur
790 1378 905 1436 HK,
928 1378 1052 1436 HM,
1074 1377 1188 1435 MF,
1207 1378 1299 1432 FE,
1320 1378 1419 1436 ED,
1444 1379 1571 1426 fient

168 1451 383 1515 quinque
422 1453 668 1516 triangula
705 1454 1014 1517 aequiangula
1055 1453 1198 1512 DEC,
1234 1452 1372 1512 CEF,
1412 1453 1562 1512 FMC,

171 1526 339 1586 MHC,
360 1527 520 1575 HKC.

236 1616 313 1650 vl.
350 1603 486 1651 Inter
510 1602 631 1651 duas
650 1612 809 1652 rectas
829 1604 967 1652 datas
986 1619 1318 1668 quascumque
1342 1603 1561 1652 invenire

169 1676 290 1726 duas
312 1678 497 1726 medias
520 1679 927 1742 proportionales

236 1753 313 1801 Sit
339 1754 442 1817 (fig.
458 1754 528 1815 vi)
567 1754 684 1802 data
719 1755 802 1803 BC
826 1756 997 1818 major,
1023 1754 1112 1803 CD
1138 1754 1312 1803 minor.
1382 1755 1559 1818 Dispo-

167 1837 348 1877 nantur
379 1828 443 1876 ad
482 1829 689 1892 angulos
723 1838 882 1878 rectos
907 1830 958 1878 in
985 1829 1055 1878 C:
1092 1837 1142 1878 et
1167 1830 1231 1878 sit
1257 1830 1338 1878 BC
1361 1830 1559 1893 aequalis

168 1903 270 1952 AC.
340 1904 622 1967 Jungantur
652 1904 759 1963 AD,
796 1905 909 1953 AB:
945 1912 994 1953 et
1033 1914 1181 1953 rectae
1214 1905 1297 1953 BC
1335 1915 1560 1953 sumatur

166 1979 367 2042 aequalis
393 1978 476 2037 Cc,
503 1988 553 2028 et
571 1981 811 2043 jungatur
835 1981 920 2028 Ac.

233 2055 279 2102 A
293 2063 478 2118 puncto
499 2055 543 2102 D
562 2054 850 2104 demittatur
867 2056 955 2104 DE
969 2055 1154 2103 faciens
1173 2055 1378 2119 angulos
1398 2063 1560 2104 rectos

166 2128 231 2177 ad
256 2129 317 2188 D,
342 2145 608 2192 secansque
629 2130 702 2177 Ac
724 2130 775 2178 in
799 2131 855 2178 E.
906 2131 1087 2179 Centro
1111 2131 1168 2188 E,
1183 2130 1440 2178 intervallo
1455 2130 1559 2188 ED,

167 2203 475 2253 describatur
497 2221 639 2253 arcus
660 2205 830 2254 circuli
853 2206 938 2270 Df,
954 2206 1244 2254 terminatus
1262 2207 1311 2254 in
1332 2209 1404 2254 Ac
1422 2205 1484 2254 ad
1499 2205 1557 2268 f

169 2280 375 2328 Secetur
397 2297 539 2329 arcus
564 2281 645 2345 Dp
669 2281 908 2330 trifariam
931 2282 982 2330 in
1007 2282 1045 2330 d
1065 2290 1114 2330 et
1129 2299 1172 2340 e,
1192 2282 1448 2345 ductaeque
1467 2281 1559 2339 Ed,

165 2354 236 2403 Ec
264 2355 599 2419 producantur
631 2356 694 2404 ad
719 2357 792 2405 Dc
816 2357 866 2405 in
889 2374 922 2405 a
945 2366 995 2405 et
1018 2357 1062 2405 b.
1132 2358 1289 2405 Erunt
1312 2373 1446 2421 ergo,
1470 2372 1560 2421 per

167 2439 260 2479 art.
286 2437 316 2479 2
347 2431 493 2494 hujus
535 2432 727 2495 capitiS,
770 2442 920 2481 rectae
951 2432 1025 2490 cb,
1067 2432 1143 2490 ha,
1192 2433 1287 2491 aD,
1326 2433 1560 2481 continue

166 2506 581 2569 proportionales:
616 2515 681 2565 et,
705 2523 793 2571 per
815 2508 969 2555 Elem.
985 2508 1050 2566 vi,
1075 2524 1213 2571 prop.
1242 2513 1282 2566 l,
1303 2516 1449 2555 erunt
1473 2508 1560 2555 tri-

166 2583 347 2646 angula
370 2584 516 2642 ACD,
543 2585 665 2633 ADc
687 2594 743 2633 ut
784 2586 925 2633 bases
961 2586 1063 2644 CD,
1088 2586 1195 2634 Dc:
1231 2595 1283 2634 et
1314 2586 1560 2649 triangula

168 2658 303 2715 Ace,
328 2659 444 2708 EDc
466 2660 643 2708 similia
664 2678 675 2707 :
711 2660 903 2724 eritque
927 2661 1228 2724 triangulum
1250 2659 1364 2708 Ace
1386 2661 1449 2708 ad
1475 2661 1557 2708 tri-

166 2733 400 2796 angulum
415 2734 531 2783 EDc
548 2735 596 2782 in
618 2735 868 2799 duplicata
884 2736 1075 2785 ratione
1095 2737 1163 2784 Cc
1179 2736 1242 2783 ad
1261 2736 1350 2783 Dc.
1399 2736 1557 2783 Erunt

169 2824 287 2872 ergo
313 2808 395 2866 (Ἃ,
421 2809 508 2867 Cb,
533 2810 622 2867 Ca,
649 2810 735 2859 CD
759 2812 992 2859 continue
1016 2810 1421 2875 proportionales.

235 2898 335 2932 vn.
376 2883 756 2933 Con-sectarium.
795 2886 845 2934 Si
870 2902 990 2950 ergo
1015 2887 1064 2934 in
1090 2894 1224 2934 recta
1243 2885 1325 2933 CB
1345 2893 1557 2948 ponatur
