1982 3204
474 282 528 324 14
802 292 1063 326 ROSETUM
1093 290 1520 326 GEOMETRICUM.

223 420 335 446 mov.
358 420 417 446 ιιι.
466 403 665 451 minoris
702 404 951 467 perimetri
989 419 1135 467 supra
1172 410 1362 466 partem
1387 411 1611 451 octavam
1635 403 1854 467 ejusdem

201 466 411 541 lm
465 479 731 542 perimetri.
803 480 1120 528 Manifestum
1162 480 1292 526 enim
1328 486 1402 526 est
1440 494 1610 526 arcum
1641 480 1710 526 Ee
1748 494 1854 526 esse

199 547 389 585 “³⁸⁰¹fflbu‘
465 555 721 617 septimam
745 563 936 618 partem
961 572 1101 603 arcus
1127 554 1207 604 Ce.
1279 554 1407 602 Nam
1443 554 1544 602 sive
1569 570 1710 602 arcus
1734 554 1853 603 divi·

465 629 652 678 dendus
675 631 739 678 sit
763 632 969 694 septima
993 646 1104 694 pars
1136 629 1402 694 perimetri,
1428 629 1530 676 sive
1554 630 1726 692 major,
1751 631 1853 679 sive

464 706 637 763 minor,
659 706 1008 753 demonstratio
1033 706 1126 753 erit
1151 720 1341 768 semper
1364 704 1551 752 eadem.

534 780 757 830 Conseet.
782 782 831 829 ii.
870 782 1024 829 Arcus
1058 781 1330 843 descriptus
1365 779 1503 827 radio
1530 778 1629 839 BC,
1654 780 1853 844 aequalis

463 864 538 904 est
562 866 748 904 octavae
780 858 909 919 parti
940 857 1190 919 perimetri
1234 856 1404 903 circuli
1429 857 1567 919 cujus
1591 856 1756 904 radius
1779 863 1855 905 est

463 932 550 979 AB
570 940 619 979 et
643 948 753 995 pars
779 933 987 995 septima
1009 932 1259 994 perimetri
1278 947 1366 994 per
1384 931 1484 987 AC,
1504 940 1555 979 et
1577 947 1691 995 pars
1716 939 1855 982 sexta

462 1008 713 1071 perimetri
733 1024 819 1071 per
841 1016 1078 1071 punctum
1104 1015 1294 1055 sextum
1318 1015 1465 1055 rectae
1490 1007 1576 1055 AB
1601 1016 1694 1056 etc.

529 1083 848 1145 Experiamur
890 1082 1175 1130 methodum
1216 1083 1343 1130 hanc
1378 1091 1597 1131 nostram
1628 1083 1679 1131 in
1715 1083 1853 1148 poly-

462 1159 603 1221 gonis
627 1159 771 1216 notis,
790 1167 840 1206 et
856 1158 1105 1206 videamus
1130 1175 1193 1206 an
1217 1174 1305 1222 per
1323 1159 1455 1207 illam
1480 1175 1541 1207 ex
1572 1167 1850 1223 tetragono,

463 1234 512 1281 id
537 1243 610 1280 est
635 1234 888 1296 quadrato,
914 1234 1122 1281 inveniri
1145 1243 1311 1297 potest
1335 1235 1519 1297 trigoni
1542 1235 1684 1283 latus.

530 1310 844 1357 Describatur
877 1318 1045 1358 centro
1077 1311 1121 1357 A
1153 1310 1364 1358 circulus
1395 1309 1543 1368 BCD,
1582 1312 1721 1374 cujus
1763 1310 1852 1359 BD

461 1386 524 1432 sit
548 1385 806 1448 quadrans.
877 1386 1037 1433 Ducta
1074 1402 1192 1449 ergo
1230 1385 1416 1434 chorda
1447 1386 1551 1444 BD,
1589 1395 1665 1434 est
1701 1387 1752 1435 in
1793 1402 1852 1434 eo

461 1461 643 1508 circulo
666 1461 793 1508 latus
818 1461 1077 1524 tetragoni.

527 1535 707 1584 Centro
746 1536 917 1584 eodem
942 1537 1002 1594 A,
1028 1537 1392 1585 semidiametro
1417 1537 1521 1595 AE,
1547 1553 1656 1600 quae
1688 1537 1752 1585 sit
1787 1536 1852 1585 ad

459 1612 546 1658 AB
571 1619 625 1659 ut
650 1618 679 1659 3
699 1612 762 1660 ad
781 1618 827 1670 4,
845 1612 1148 1660 describatur
1173 1613 1382 1661 circulus
1407 1613 1546 1661 EFG.
1605 1612 1714 1661 Erit
1732 1628 1851 1676 ergo

459 1689 667 1736 circulus
691 1704 778 1751 per
804 1689 843 1735 B
869 1689 930 1736 ad
956 1689 1195 1736 circulum
1218 1705 1306 1752 per
1329 1689 1370 1736 E
1393 1697 1450 1737 ut
1473 1695 1502 1736 4
1529 1688 1592 1736 ad
1617 1695 1664 1736 3.

526 1764 730 1811 Secetur
753 1764 996 1827 quadrans
1016 1764 1103 1812 BD
1118 1764 1345 1812 bifariam
1370 1765 1421 1812 in
1442 1763 1496 1822 C,
1512 1764 1851 1827 ducanturque

458 1839 655 1887 chordae
678 1839 887 1902 aequales
914 1840 1010 1898 BC,
1037 1840 1136 1888 CD.
1211 1840 1374 1888 Ducta
1397 1855 1515 1903 ergo
1539 1839 1627 1887 AC
1654 1847 1851 1888 secante

459 1914 544 1962 EG
567 1915 617 1962 in
642 1915 693 1971 F,
719 1915 812 1963 erit
835 1931 976 1963 arcus
1007 1915 1089 1963 EF
1118 1931 1234 1980 pars
1272 1923 1448 1964 octava
1480 1916 1733 1980 perimetri
1762 1930 1853 1979 per

461 1990 516 2046 E,
541 1998 590 2037 et
610 1990 818 2053 aequales
846 1991 982 2038 arcui
1009 1992 1043 2038 F
1045 1991 1102 2039 G.

525 2067 655 2129 Ergo
681 2076 785 2114 tum
812 2084 952 2116 arcus
976 2076 1082 2116 tum
1106 2067 1303 2116 chordae
1329 2067 1427 2126 BC,
1448 2066 1550 2125 CD,
1575 2074 1722 2115 erunt
1745 2073 1852 2115 tum

459 2141 522 2188 ad
546 2157 686 2190 arcus
707 2151 813 2190 tum
838 2144 900 2191 ad
925 2144 1135 2192 chordas
1158 2145 1254 2202 EF,
1274 2144 1356 2192 FG
1379 2150 1434 2190 ut
1458 2142 1521 2190 ad
1545 2148 1574 2190 4
1600 2141 1664 2190 ad
1689 2147 1736 2190 3.

523 2217 634 2264 Jam
672 2234 701 2265 a
736 2226 917 2281 puncto
954 2220 994 2267 E
1026 2220 1078 2267 in
1115 2218 1299 2267 circulo
1335 2234 1426 2282 per
1464 2219 1505 2266 E
1541 2217 1852 2281 applicentur

459 2294 567 2351 EH,
594 2293 668 2341 HI
694 2293 881 2342 duabus
918 2295 1114 2343 chordis
1147 2295 1245 2351 BC,
1271 2294 1374 2352 CD,
1409 2301 1620 2357 utraque
1653 2292 1850 2356 utrique

459 2368 672 2431 aequaliS.
733 2370 898 2419 Quare
923 2370 1034 2419 duae
1059 2369 1258 2419 chordae
1281 2368 1392 2428 EH,
1410 2369 1485 2416 HI
1509 2375 1624 2416 sunt
1641 2367 1705 2416 ad
1729 2367 1851 2416 duas

460 2443 664 2491 chordas
689 2445 781 2502 EF,
807 2446 886 2493 FG
909 2454 966 2494 ut
989 2452 1017 2494 4
1045 2446 1109 2494 ad
1133 2452 1190 2494 3:
1225 2444 1277 2493 id
1301 2450 1392 2502 est,
1415 2451 1472 2492 ut
1495 2459 1638 2492 arcus
1667 2442 1755 2491 BD
1785 2442 1851 2491 ad

460 2534 626 2566 arcum
641 2519 740 2568 EG.
795 2521 960 2570 Quare
979 2531 1033 2569 ut
1052 2536 1196 2569 arcus
1210 2519 1276 2568 El
1297 2518 1362 2567 ad
1384 2534 1554 2566 arcum
1568 2517 1669 2577 EG,
1686 2518 1757 2566 ita
1774 2526 1851 2567 est

460 2600 489 2640 4
514 2594 576 2641 ad
593 2600 638 2642 3.
707 2596 837 2658 Ergo
861 2612 1004 2644 arcus
1029 2597 1095 2645 GI
1115 2604 1190 2644 est
1213 2595 1360 2644 tertia
1376 2609 1490 2658 pars
1514 2608 1658 2642 arcus
1681 2593 1783 2652 EG,
1797 2593 1850 2642 id

460 2679 534 2717 est
557 2685 669 2732 pars
688 2670 975 2720 duodecima
994 2673 1145 2720 totius
1163 2670 1417 2735 perimetri
1439 2685 1528 2733 per
1546 2669 1586 2717 E
1605 2687 1616 2717 :
1642 2676 1691 2717 et
1707 2684 1850 2718 arcus

460 2745 541 2802 EI,
566 2746 712 2793 tertia
734 2762 846 2809 pars
884 2748 1135 2811 perimetri
1176 2745 1411 2810 ejusdem.
1481 2745 1849 2793 Demonstratio

460 2820 630 2867 eadem
654 2830 726 2869 est
749 2838 857 2885 quae
882 2824 942 2871 de
966 2824 1263 2888 heptagono.
1332 2821 1464 2884 Ergo
1493 2820 1642 2870 ducta
1665 2820 1851 2870 chorda

461 2896 542 2954 EI,
569 2906 644 2944 est
668 2896 794 2946 latus
817 2899 998 2961 trigoni
1022 2900 1073 2947 in
1098 2897 1283 2947 circulo
1305 2912 1394 2961 per
1417 2897 1473 2945 E.
