1982 3204
435 270 502 316 80
653 281 949 317 noc'rmNAE
977 280 1338 316 WALLISIANAE
1366 280 1437 314 DE
1464 281 1622 316 Moru

152 409 413 436 raonxan.
434 392 602 454 antur)
624 393 797 442 eodem
821 402 1043 457 tempore
1063 407 1203 439 arcus
1219 391 1448 455 aequales,
1464 392 1539 440 sin
1558 392 1828 455 inaequalia,

188 457 376 478 “*f‘d
432 468 724 532 inaequales;
751 469 957 531 ideoque
980 467 1235 515 brachium
1259 467 1421 516 minus
1445 468 1648 526 tardius,
1672 470 1830 532 majus

432 543 653 602 celerius,
676 545 952 592 movebitur
975 543 1024 590 in
1049 542 1241 590 ratione
1261 542 1478 606 ipsorum
1501 543 1826 592 brachiorum.

501 619 744 678 Secundo,
769 619 900 683 quod
936 618 1142 681 pondUS,
1180 625 1237 665 ut
1268 623 1375 675 100,
1401 618 1620 681 pendens
1654 635 1685 666 a
1717 620 1828 668 bra-

433 694 543 742 chio
574 711 673 742 uno
713 695 775 742 ad
813 693 1095 742 distantiam
1135 709 1165 740 a
1202 701 1374 742 centro
1406 694 1541 741 librae
1565 710 1830 757 quamcun-

433 785 545 833 que,
570 778 620 818 et
643 769 850 833 pondus,
874 777 931 816 ut
962 775 1001 826 l,
1027 767 1248 831 pendens
1273 785 1303 817 a
1332 769 1535 817 brachio
1570 769 1726 818 altero
1764 770 1827 818 ad

432 845 715 893 distantiam
739 853 794 892 ut
820 851 860 903 l,
877 844 948 892 vis
968 844 1074 891 haec
1099 850 1118 891 1
1144 851 1218 892 est
1234 846 1502 893 centesima
1518 861 1632 908 pars
1650 845 1827 893 virium

431 920 649 968 alterius.
721 920 805 968 Sin
830 918 1021 982 pondus
1058 918 1189 966 idem
1220 925 1260 978 1,
1287 928 1597 968 removeatur
1630 921 1694 968 ad
1728 920 1826 969 dis-

430 996 636 1044 tantiam
658 1012 688 1043 a
711 1003 880 1043 centro
897 994 1193 1058 centuplam,
1210 995 1412 1044 habebit
1425 996 1525 1044 vim
1545 996 1826 1060 centuplam

429 1079 630 1135 propter
682 1071 1061 1134 centuplicatam
1114 1071 1431 1128 celeritatem,
1478 1072 1530 1120 id
1585 1080 1676 1131 est,
1726 1072 1824 1120 vim

429 1148 666 1210 aequalem
690 1147 738 1194 vi
762 1146 991 1210 ponderis
1024 1147 1238 1210 majoris,
1262 1147 1471 1211 ideoque
1503 1148 1701 1211 majoris
1724 1148 1824 1196 vim

432 1223 714 1270 sustinebit:
766 1222 997 1269 nimirum
1036 1222 1372 1286 unusquisque
1418 1222 1596 1270 virium
1641 1223 1824 1286 gradus

429 1298 688 1346 sustinebit
711 1297 941 1361 ponderis
965 1298 1164 1360 majoris
1180 1306 1371 1361 partem
1389 1314 1542 1347 suam.
1603 1299 1714 1347 Hoc
1732 1307 1824 1358 est,

427 1374 619 1437 pondus
642 1373 802 1421 minus
826 1372 1150 1436 multiplicato
1174 1380 1395 1437 tempore
1425 1374 1686 1422 sustinebit
1719 1391 1823 1423 ma-

421 1451 502 1512 jus
531 1457 978 1513 quantumcunque,
1020 1456 1071 1497 et
1103 1456 1348 1497 remotum
1390 1450 1552 1498 adhuc
1589 1466 1620 1498 a
1652 1458 1824 1499 centro

426 1525 563 1572 librae
581 1524 1011 1588 quantulocunque
1035 1524 1252 1572 movebit
1278 1540 1485 1572 sursum.
1560 1525 1686 1574 Quae
1708 1542 1824 1589 pro-

424 1600 649 1648 blematis
674 1599 976 1648 constructio
1001 1607 1077 1647 est
1099 1615 1189 1663 per
1211 1599 1404 1648 libram.

489 1677 672 1734 Tertio,
696 1676 828 1724 idem
853 1675 1105 1733 efficietur,
1131 1676 1172 1724 si
1195 1675 1320 1724 libra
1352 1676 1652 1725 sustineatur
1675 1693 1706 1725 a
1727 1676 1822 1725 ful-

425 1767 509 1799 cro
534 1752 666 1815 quod
691 1752 754 1800 sit
775 1751 1023 1800 horizonti
1045 1751 1464 1815 perpendiculare.
1534 1752 1665 1800 Nam
1696 1753 1822 1802 libra

423 1843 614 1890 semper
637 1835 725 1886 est,
751 1827 844 1875 etsi
879 1827 1026 1890 vulgo
1049 1834 1254 1875 vocetur
1283 1827 1451 1887 vecti-5,
1476 1835 1527 1876 et
1562 1827 1820 1877 fulcimen-

423 1911 529 1950 tum
554 1903 941 1968 lzypomocldz‘um
965 1902 1254 1967 appellatur.

491 1979 648 2026 Causa
678 1980 823 2042 hujus
847 1979 919 2026 rei
943 1978 1145 2042 physica
1168 1985 1257 2034 est,
1283 1978 1416 2042 quod
1447 1979 1671 2041 potentia
1693 1994 1818 2043 pon-

424 2053 552 2102 deris
576 2054 746 2103 eadem
771 2062 845 2103 est
869 2071 981 2103 cum
1001 2054 1255 2102 celeritate
1272 2071 1369 2118 qua
1391 2054 1646 2102 brachium
1664 2055 1818 2114 librae,

422 2129 552 2176 unde
575 2130 771 2193 pendet,
797 2138 961 2178 movet
992 2129 1043 2178 in
1075 2130 1276 2188 circulo,
1311 2131 1450 2193 cujus
1487 2135 1711 2177 centrum
1742 2138 1818 2177 est

424 2212 648 2252 centrum
679 2206 832 2254 librae.
904 2205 1003 2254 Sed
1040 2221 1132 2253 nec
1168 2205 1294 2253 libra
1333 2221 1426 2253 nec
1460 2204 1614 2253 vectis
1652 2205 1816 2268 magni

423 2281 657 2329 momenti
695 2290 770 2329 est
802 2281 1030 2329 machina
1066 2280 1130 2330 ad
1153 2280 1451 2329 movendum
1487 2279 1708 2344 pondera
1743 2280 1816 2328 in-

421 2356 603 2418 gentia,
629 2357 791 2420 qualia
813 2365 954 2405 erant
978 2373 1087 2421 quae
1111 2356 1267 2405 movit
1290 2355 1627 2404 Archimedes.

489 2430 634 2478 Ratio
667 2432 895 2479 movendi
922 2432 971 2479 vi
1002 2431 1206 2480 minima
1239 2431 1463 2495 pondera
1498 2430 1727 2488 maxima,
1752 2430 1815 2478 ab

420 2522 478 2553 eo
514 2507 751 2570 principio
790 2507 1057 2566 derivatur,
1083 2506 1216 2571 quod
1245 2507 1319 2555 vis
1354 2514 1607 2569 utcunque
1637 2505 1815 2569 exigua

420 2582 646 2629 effectum
670 2582 818 2630 habet
842 2583 1068 2647 aliquem.

486 2657 563 2704 Ab
596 2657 688 2705 hoc
723 2658 963 2722 principio
1005 2657 1262 2707 manifeste
1302 2656 1539 2719 sequitur,
1565 2655 1698 2720 quod
1730 2657 1814 2720 qui

418 2732 609 2796 pondus
632 2733 708 2780 vel
732 2734 941 2793 trahere,
965 2734 1043 2782 vel
1067 2733 1282 2790 trudere,
1305 2732 1383 2781 vel
1416 2747 1610 2780 sursum
1640 2731 1813 2780 tollere

417 2807 718 2870 aggreditur,
744 2817 925 2857 conatu
949 2810 1107 2872 primo
1131 2823 1427 2872 quamquam
1464 2806 1557 2854 levi
1593 2807 1813 2871 aliquan-

416 2891 521 2932 tum
553 2884 762 2947 proficit,
795 2893 844 2933 et
880 2893 1061 2935 conatu
1097 2891 1455 2949 perseverante,
1481 2882 1532 2931 id
1564 2883 1697 2946 quod
1729 2899 1808 2948 ag-
