1982 3204
354 236 450 282 394
915 251 1180 285 Hlsronm

412 358 602 401 Fortiter
622 359 787 410 armari,
809 375 906 403 cum
932 361 1177 405 Mahomete
1198 378 1298 413 suo;

355 424 494 480 Inque
514 425 604 468 dies
624 441 827 477 crescens,
851 427 994 470 Turca
1014 428 1134 479 duce,
1156 430 1327 472 tandem
1351 429 1540 474 Orientis

416 491 602 535 Sustulit
622 492 846 549 imperium
869 494 1214 551 Catholicamque
1239 496 1402 540 Fidem.

355 557 544 600 Haeresis
564 558 728 602 interea
746 559 921 617 longum
942 560 1095 603 lassata
1115 562 1280 616 quievit

411 623 614 667 Partibus
636 624 849 676 Occiduis,
872 633 968 682 post
989 627 1170 670 valitura
1191 636 1347 672 tamen.

357 689 441 734 Sed
463 698 672 745 quantum
694 691 824 748 Papae
845 692 1038 735 derasum
1061 701 1125 736 est
1145 695 1337 751 partibus
1357 695 1455 747 illis,

410 756 613 800 Partibus
633 757 698 800 his
719 764 840 800 tanto
861 758 1008 801 durius
1028 759 1234 803 incubuit.
1637 766 1746 806 1690

354 822 420 866 Ut
440 823 600 866 ferrum
620 824 816 875 candens,
839 826 1028 868 subitum
1050 827 1085 869 si
1105 827 1242 884 frigus
1262 829 1316 871 ab
1336 844 1423 871 una

413 888 555 932 Sensit
575 902 709 946 parte,
732 891 866 947 magis
887 891 1026 934 fervet
1047 894 1099 935 ab
1121 893 1314 950 opposita
1331 911 1340 935 :

355 954 426 998 Sic
447 971 618 1011 quoque
639 964 814 1000 conatus
835 957 1049 1014 Paparum
1071 958 1248 1003 Oriente
1267 961 1438 1018 repulsi,

410 1020 612 1065 Partibus
634 1022 835 1066 Occiduis
856 1024 1071 1068 invaluere
1091 1027 1237 1083 magis.

353 1087 482 1131 Credi
502 1104 687 1144 namque
701 1090 858 1145 jubent
877 1091 969 1133 fieri
990 1091 1192 1135 miracula
1211 1094 1263 1135 ab
1284 1093 1380 1145 illis,

411 1153 605 1208 Quorum
627 1162 728 1197 sunt
749 1156 814 1198 usi
835 1156 1106 1212 simplicitate
1126 1158 1277 1201 virum.

355 1220 438 1264 Sed
459 1236 545 1263 non
566 1228 665 1264 ante
685 1221 863 1273 obitum,
886 1239 965 1266 nec
985 1232 1094 1280 post,
1116 1225 1197 1267 nisi
1217 1232 1408 1282 tempore
1428 1226 1568 1283 longo.

409 1287 512 1330 Non
533 1288 695 1344 patitur
715 1304 897 1345 praesens
917 1290 1017 1332 ficta
1038 1291 1176 1334 valere
1196 1292 1298 1335 dies.

351 1353 398 1395 Ν
400 1369 453 1396 on
474 1360 540 1397 tot
563 1355 776 1397 Moeonius
798 1356 986 1399 narravit
1006 1365 1195 1400 monstra
1214 1365 1351 1414 poeta,

410 1419 530 1474 Quot
549 1421 706 1476 populo
729 1419 891 1464 Christi
912 1421 1032 1478 Papa
1051 1423 1230 1480 legenda
1249 1425 1379 1467 dedit.
1638 1428 1745 1470 1700

350 1487 437 1529 Sec.
469 1485 515 1528 N
518 1486 646 1529 icenae
667 1486 791 1530 Fidei
807 1488 1055 1545 subscripsit
1075 1489 1312 1547 Episcopus
1333 1506 1457 1542 unus,

409 1552 498 1606 Qui
518 1553 656 1609 paulo,
679 1560 729 1596 ut
749 1553 911 1605 dicunt,
932 1562 1126 1598 mortuus
1147 1563 1246 1599 ante
1267 1557 1363 1600 fuit.

348 1618 550 1675 Namque
572 1619 724 1663 Patres
743 1620 835 1677 ipso
856 1629 1090 1677 posuerunt
1111 1622 1229 1666 Acta
1248 1624 1482 1681 sepulchro,

408 1685 592 1730 Orantes
613 1688 764 1730 subtus
785 1687 966 1731 scribere
986 1695 1037 1731 ut
1057 1689 1128 1732 ille
1148 1690 1263 1733 velit.

349 1751 591 1795 Discessere
613 1753 712 1795 boni
734 1752 899 1804 Patres,
922 1769 1110 1810 saxoque
1130 1763 1299 1813 reposto

408 1818 537 1862 Cauti
558 1819 679 1876 signa
699 1835 844 1863 omnes
865 1820 1104 1877 applicuere
1125 1837 1214 1865 sua.

349 1884 563 1928 Postridie
584 1886 777 1936 redeunt,
799 1887 1086 1943 subscriptum
1108 1904 1263 1931 nomen
1284 1895 1328 1932 et
1349 1888 1473 1931 Actis

407 1951 668 1995 Inveniunt:
702 1953 904 2010 gaudent,
929 1954 1287 2011 magnificantque
1308 1955 1463 1998 Deum.

348 2019 428 2060 Pr.
462 2018 620 2061 Audiit
640 2018 720 2062 hoc
740 2019 868 2062 etiam
889 2035 964 2062 rex
986 2019 1325 2064 Constantinus?
1356 2022 1430 2064 An
1449 2021 1598 2077 ingens

406 2084 665 2127 Miraculum
687 2085 800 2129 solus
821 2086 972 2129 nesciit
993 2087 1065 2130 ille
1087 2087 1203 2130 Dei?
1630 2088 1741 2130 1710

347 2152 432 2193 Sec.
465 2151 635 2195 Nescio.
669 2153 748 2194 Pr.
772 2152 844 2195 Ne
864 2153 1021 2196 credas.
1055 2152 1146 2198 Cur
1165 2169 1251 2197 non
1272 2160 1453 2197 testatus
1474 2159 1518 2196 et
1537 2153 1626 2210 ipse
1641 2159 1708 2196 est

406 2217 515 2260 Rem
535 2224 708 2269 certam,
730 2225 780 2261 ut
799 2226 942 2275 posset
962 2227 1078 2264 certa
1098 2220 1237 2264 valere
1258 2220 1375 2263 fides.

350 2282 434 2327 Sed
454 2299 533 2327 nec
553 2300 643 2327 rem
663 2284 772 2328 vidit
791 2285 999 2342 princeps,
1021 2301 1099 2329 nec
1119 2286 1163 2329 id
1183 2286 1318 2329 audiit
1337 2301 1550 2342 unquam:

403 2349 548 2393 Multo
568 2350 777 2406 posterius
797 2351 943 2394 fabula
961 2351 1062 2394 ficta
1081 2351 1176 2394 fuit.

345 2415 461 2459 Dein
482 2416 596 2472 quod
617 2416 835 2460 daemoniis
856 2416 1034 2460 infernis
1054 2417 1372 2474 imperitarent3

401 2481 610 2539 (Nomine
630 2498 728 2525 nam
748 2483 931 2539 populus
952 2490 1118 2539 spectra
1137 2485 1316 2527 vocabat
1336 2484 1431 2541 co);

347 2547 560 2604 Quodque
579 2548 682 2592 locis
702 2549 830 2591 sacris
850 2549 944 2592 illos
964 2550 1174 2606 expellere
1195 2550 1354 2607 epodis¹

402 2614 596 2666 Possent,
619 2614 819 2671 possessis
839 2615 1170 2672 corporibusque
1191 2616 1435 2666 hominum3

343 2680 534 2737 (Cuncta
553 2681 778 2725 videbatur
798 2681 900 2737 quia
919 2689 1092 2725 sanctus
1107 2682 1213 2726 scire
1237 2682 1489 2739 Sacc1·dos);

405 2747 604 2803 Antiqua
624 2747 772 2791 didicit
786 2747 956 2791 credere
978 2749 1104 2791 turba
1123 2749 1217 2791 fide.
1630 2748 1739 2791 1720

827 2879 835 2899 ¹
865 2880 969 2927 [vide
987 2882 1015 2914 G
1026 2892 1172 2915 tussim
1181 2880 1258 2925 ι·.υ.]
