1982 3204
707 243 1000 320 apis-roma.
1452 279 1550 330 287

159 394 457 459 praecedenti
480 396 653 459 figura,
671 403 817 444 erunt
840 395 1117 444 celeritates
1135 411 1224 459 per
1242 397 1348 456 AB,
1368 400 1471 458 AC,
1494 410 1553 448 ut
1592 409 1762 439 ”obbo-iu·
1777 411 1816 441 ιὰ

159 470 280 534 ipsae
295 471 398 529 AB,
412 472 514 530 AC,
530 472 624 519 hoc
639 479 728 530 est,
745 480 802 520 ut
816 478 894 520 r.2
911 470 974 519 ad
993 477 1089 529 r.5,
1108 471 1202 519 hoc
1218 481 1308 530 est,
1323 482 1379 522 ut
1393 479 1471 522 r.4
1488 475 1552 523 ad
1592 453 1796 520 'Q

160 551 289 603 nlo,
311 546 408 594 hoc
431 556 508 595 est
531 556 584 594 ut
609 553 638 595 2
664 547 727 594 ad
750 552 884 595 2210:
909 554 958 594 et
981 562 1081 594 non
1105 554 1161 594 ut
1184 554 1213 595 2
1233 547 1297 595 ad
1321 554 1367 596 3.
1438 550 1550 598 Non

161 622 315 686 igitur
345 623 567 686 sequitur
606 622 872 670 absurdum
909 621 1030 670 illud
1070 622 1132 669 ab
1169 622 1262 670 isto
1299 624 1551 672 modo&-

161 697 361 762 quendi,
386 698 519 762 quod
554 698 763 761 putabat
794 698 1020 745 dominus
1043 697 1320 747 DescarteS.
1389 699 1552 758 Vides,

159 780 316 837 pater,
335 789 483 837 quam
501 789 712 837 pronum
731 774 809 831 sit,
834 773 983 821 etiam
1002 772 1297 822 doctissimis
1317 775 1449 833 viris,
1467 792 1556 839 per

160 848 362 897 nimiam
386 849 701 897 securitatem
725 848 1019 912 quandoque
1040 859 1373 907 παραλογίζεσθαι.

227 925 420 975 Quarto
455 925 642 983 scribis,
681 924 845 972 dicere
885 924 1022 971 illum
1068 940 1167 972 non
1210 924 1436 974 debuisse
1476 942 1555 974 me

160 999 324 1049 dicere
347 1001 647 1049 celeritatem
673 1000 916 1048 sublatam
939 1016 1044 1048 esse
1067 1016 1099 1047 a
1120 1008 1268 1058 terra,
1293 1010 1557 1065 propterea

161 1074 294 1140 quod
337 1075 419 1124 ille
466 1075 767 1124 contrarium
813 1083 1150 1139 supposuerat,
1197 1084 1248 1123 et
1291 1085 1557 1141 propterea

160 1150 293 1215 quod
333 1159 506 1199 contra
545 1151 897 1215 experientiam
932 1158 1034 1199 est:
1070 1150 1255 1215 alioqui
1287 1152 1419 1200 enim
1455 1153 1556 1215 pila

157 1226 628 1289 perpendiculariter
659 1226 711 1274 in
748 1234 928 1275 terram
959 1226 1180 1274 incidens
1204 1243 1455 1292 nunquam
1477 1244 1555 1276 re-

158 1300 329 1350 siliret.

225 1376 537 1441 Respondeo,
553 1385 685 1426 certe
703 1394 795 1441 ego
819 1378 870 1425 in
889 1377 1099 1441 epistola
1120 1393 1230 1426 mea
1243 1379 1570 1443 hypothesim*

158 1450 290 1501 illius
321 1468 424 1501 non
460 1453 652 1511 sustuli,
689 1453 776 1502 sed
807 1453 909 1500 dixi
940 1454 1099 1516 ipsum
1134 1470 1245 1502 eam
1275 1455 1554 1503 sustulisse:

159 1527 371 1592 ideoque
404 1544 464 1577 ea
498 1529 573 1577 uti
605 1545 705 1576 non
748 1528 990 1576 debuisse.
1059 1529 1189 1577 Nam
1221 1538 1458 1594 quantum
1491 1531 1556 1579 ad

159 1619 320 1652 meam
355 1603 417 1652 de
444 1619 503 1652 ea
537 1620 591 1652 re
625 1604 905 1668 opinionem
945 1605 1139 1663 attinet,
1161 1613 1284 1669 puto
1308 1621 1424 1654 sane
1447 1606 1555 1655 dari

160 1688 351 1728 motum
373 1680 458 1744 qui
487 1696 648 1744 neque
686 1680 794 1728 tolli
826 1695 987 1742 neque
1023 1680 1135 1729 ideo
1157 1681 1313 1729 minui
1335 1697 1554 1745 unquam

158 1754 328 1818 possit.
398 1754 498 1803 Sed
532 1763 588 1803 ut
619 1754 812 1818 judices
846 1762 1014 1802 utrum
1050 1771 1188 1804 suam
1211 1756 1363 1820 ipsius
1385 1758 1554 1806 abstu-

158 1828 272 1878 lerit
294 1829 604 1893 hypothesim
627 1845 800 1887 necne,
822 1837 1102 1892 repetamus
1124 1831 1349 1895 figuram.

227 1904 471 1969 Supponit
508 1905 590 1953 ille
627 1904 814 1953 moveri
841 1905 887 1952 A
909 1920 1078 1955 versus
1101 1907 1158 1966 B,
1181 1915 1319 1956 motu
1352 1907 1553 1972 quidem

158 1995 410 2044 nunquam
432 1988 700 2037 cessatum,
722 1980 810 2029 sed
831 1988 997 2030 tamen
1013 1983 1098 2047 qui
1118 1999 1220 2032 non
1243 1999 1437 2048 semper
1458 1984 1553 2033 erit

159 2053 213 2103 iu
246 2070 307 2104 ea
341 2055 768 2115 determinatione,
800 2063 859 2103 ut

159 2129 244 2179 ille
258 2130 507 2194 loquitur:
542 2131 638 2179 hoc
656 2139 748 2190 est,
766 2131 858 2179 ibit
972 2200 990 2222 Δ
1002 2115 1237 2230 Δ

161 2220 352 2270 semper
411 2207 668 2270 aequaliter
723 2207 857 2271 quod
1451 2210 1511 2284 4(

161 2289 400 2341 movetur,
457 2282 544 2331 sed
606 2298 706 2331 non
758 2284 857 2367 ‘ibit
933 2232 1236 2418 AN
1475 2285 1545 2420 {N

162 2370 356 2420 semper
375 2373 466 2421 per
494 2358 701 2407 eandem
723 2374 854 2406 vlam
1474 2359 1479 2404 l

162 2430 265 2480 sive
343 2432 525 2482 lineam
597 2434 852 2483 directam.
922 2438 942 2456 ¹’
983 2438 1000 2457 ⁶

165 2505 410 2557 Concedo.
467 2509 724 2568 Praeterea,
742 2511 1056 2575 componitur
1072 2511 1434 2573 determinatim
1452 2516 1555 2563 sive

163 2580 260 2639 vin,
293 2581 356 2630 ab
378 2583 423 2631 A
440 2598 609 2633 versus
644 2586 685 2634 B
708 2602 740 2634 a
768 2585 959 2635 duabus
999 2587 1106 2636 aliis
1130 2588 1235 2647 viis,
1262 2590 1363 2638 sive
1390 2590 1554 2640 deter-

163 2655 539 2707 minationibus:
573 2675 780 2723 quarum
814 2677 915 2710 una
947 2669 1023 2711 est
1045 2662 1275 2712 deorsum
1294 2665 1356 2714 ab
1380 2667 1425 2715 A
1446 2683 1554 2715 ver-

165 2745 248 2780 sus
283 2730 339 2790 C,
375 2732 534 2782 altera
568 2734 784 2784 lateralis
818 2737 880 2785 ab
906 2738 953 2786 A
982 2753 1151 2787 versus
1187 2740 1254 2789 H.
1323 2741 1553 2790 Concedo

165 2821 374 2870 quoque.
439 2808 514 2857 Ex
542 2809 620 2858 his
655 2812 866 2875 probare
887 2828 941 2862 se
962 2821 1107 2877 putat
1133 2824 1325 2864 motum
1346 2818 1409 2865 ab
1433 2818 1476 2865 A
1500 2819 1551 2865 in

167 2880 209 2928 B
230 2881 496 2945 procedere
524 2900 556 2933 a
590 2884 632 2933 Β
652 2884 704 2934 in
728 2885 768 2933 F
794 2903 884 2951 per
917 2889 1151 2952 angulum
1176 2891 1296 2941 FBE
1315 2893 1551 2955 aequalem
