1982 3204
488 292 751 328 Rosa-rum
780 293 1209 328 GBOMETRICUM.
1478 283 1542 335 27

222 404 312 454 Sin
333 411 583 468 quaeratur
605 405 757 454 sectio
781 405 1028 469 tangentis
1064 411 1141 454 30
1150 404 1799 491 graduum‚quae1›onr.vm.

155 479 405 545 praedictae
442 481 654 529 secantis
689 488 765 529 est
802 480 1018 538 dimidia,
1056 489 1107 528 et
1145 480 1274 528 latus
1311 481 1423 528 cubi
1468 482 1544 529 in-
1563 471 1830 549 aff&

155 556 326 620 scripti
360 556 543 605 circulo
567 557 705 620 cujus
739 556 978 605 diameter
1000 564 1075 605 est
1097 556 1202 612 AB,
1226 565 1455 604 sumatur
1470 571 1545 604 se·
1562 554 1772 584 “mem-’¹²¹2

155 632 318 681 missis
341 633 490 697 ipsius
513 633 609 691 Ad,
633 632 684 680 id
702 641 778 680 est
800 632 898 681 ad:
923 647 982 680 ea
999 633 1093 680 erit
1115 638 1423 694 segmentum
1447 646 1548 679 ma-

149 708 248 772 Jus,
271 715 323 755 et
340 707 525 772 reliqua
546 722 659 771 pars
677 707 925 771 tangentis
939 707 1032 755 erit
1049 715 1356 770 segmentum
1369 706 1547 753 minus,

158 782 408 841 Similiter,
432 782 474 831 si
497 781 708 830 secanda
730 782 795 831 sit
818 783 902 831 AF
924 782 1371 846 proportionaliter,
1401 780 1549 828 ducta

156 858 242 906 AF
262 866 396 906 secet
412 856 476 905 ab
498 857 549 905 in
572 874 616 915 e,
642 865 692 906 et
715 858 809 906 erit
829 859 903 906 Ae
921 859 1079 922 majus
1099 866 1406 920 segmentum
1426 857 1547 919 ejus,

157 941 211 982 et
247 933 316 981 eF
352 940 659 996 segmentum
700 933 861 981 minus
882 952 895 981 t
930 940 982 982 et
1021 933 1226 982 dimidia
1259 933 1349 991 Ae,
1391 922 1549 995 majlb

156 1015 463 1073 segmentum
487 1007 705 1056 dimidiae
724 1007 828 1056 AF.

719 1244 983 1251 -———.

695 1385 878 1434 PROP.
915 1386 1005 1435 IX.

447 1517 519 1551 DE
546 1518 842 1552 DIVISIONE
870 1518 1085 1553 ANGULI
1114 1519 1263 1553 DATI.

158 1603 445 1653 ANGULUM
471 1603 641 1652 datum
664 1620 830 1652 secare
853 1605 903 1652 in
928 1604 1045 1653 data
1066 1605 1274 1653 ratione.

225 1679 303 1727 Sit
331 1679 540 1743 angulus
577 1679 721 1728 datus
754 1679 910 1728 BAC:
946 1680 1106 1744 sitque
1141 1680 1268 1728 ratio
1300 1679 1432 1739 data,
1457 1680 1545 1728 AB

157 1753 223 1803 ad
242 1754 353 1803 AD.
419 1755 738 1803 Describatur
755 1771 899 1803 arcus
922 1756 1081 1804 ADE:
1117 1764 1169 1804 et
1192 1764 1386 1804 secetur
1407 1773 1552 1805 arcus

157 1829 243 1878 Bc
263 1829 488 1878 bifariam
519 1831 572 1879 iu
593 1831 646 1878 F.
718 1831 885 1880 Quare
920 1831 1071 1880 ducta
1093 1833 1178 1880 AF
1215 1833 1402 1880 secabit
1427 1849 1552 1896 quo-

157 1921 253 1970 que
276 1905 364 1954 DE
386 1905 610 1954 bifariam
637 1909 798 1970 (puta)
818 1907 871 1954 in
893 1906 952 1955 G.
1010 1907 1186 1956 Ductae
1209 1924 1327 1972 ergo
1352 1908 1552 1956 chordae

159 1980 256 2040 BF,
275 1980 365 2030 DG
386 1989 531 2029 erunt
547 1981 677 2029 inter
699 1997 751 2030 se
773 1989 829 2030 ut
851 1990 1000 2030 rectae
1023 1983 1127 2041 AB,
1146 1983 1253 2031 AD.

222 2056 546 2120 Applicentur
569 2056 679 2105 duae
702 2057 901 2106 chordae
934 2058 1038 2117 DG,
1055 2059 1139 2107 GE
1168 2059 1233 2107 ad
1266 2075 1434 2107 arcum
1471 2059 1553 2107 BF

158 2132 211 2181 in
233 2132 258 2180 1
277 2140 328 2180 et
351 2132 413 2191 K,
438 2132 509 2180 ita
529 2140 586 2180 ut
608 2132 806 2182 chordae
831 2133 914 2192 BI,
932 2134 1003 2182 IK
1028 2135 1127 2183 sint
1161 2135 1374 2198 aequales
1409 2135 1554 2183 chor-

157 2206 235 2256 dis
278 2207 385 2266 DG,
425 2207 509 2255 GE
553 2216 765 2272 utraque
805 2209 1032 2272 utrique:
1080 2210 1420 2273 ducanturque
1466 2211 1553 2267 AI,

157 2283 270 2342 AK,
293 2298 499 2347 quarum
522 2284 616 2331 AK
649 2292 782 2333 secet
818 2301 987 2333 arcum
1027 2286 1114 2334 DE
1149 2286 1201 2333 in
1236 2286 1291 2345 L,
1315 2286 1386 2334 ΑΙ
1421 2294 1555 2334 secet

158 2374 329 2407 arcum
353 2358 564 2408 eundem
586 2360 638 2408 in
662 2360 732 2408 M.

225 2434 349 2483 Dico
371 2450 540 2483 arcum
563 2442 725 2484 totum
749 2435 832 2484 BC
855 2436 927 2484 ita
961 2436 1171 2484 divisum
1196 2451 1299 2484 esse
1323 2436 1374 2483 in
1413 2437 1475 2494 K,
1499 2445 1557 2484 ut

158 2524 302 2558 arcus
326 2509 425 2568 BC,
462 2510 563 2558 sive
597 2510 805 2574 angulus
842 2510 987 2559 datus
1021 2510 1166 2570 BAC,
1191 2512 1255 2559 sit
1292 2511 1355 2559 ad
1386 2527 1555 2559 arcum

161 2584 268 2644 ΒΚ,
285 2584 387 2633 sive
405 2585 639 2650 angulum
663 2585 816 2644 BAK,
839 2595 897 2634 ut
920 2594 1058 2634 recta
1081 2585 1169 2633 AB
1193 2585 1256 2634 ad
1281 2586 1386 2634 AD.

225 2659 315 2709 Est
334 2659 465 2709 enim
489 2661 674 2710 chorda
697 2662 787 2710 ΒΚ
812 2661 877 2709 ad
907 2661 1143 2710 chordam
1174 2661 1278 2721 DL,
1301 2670 1359 2710 ut
1382 2662 1470 2710 AB
1493 2661 1556 2709 ad

162 2733 272 2783 AD.
336 2735 427 2784 Est
456 2737 605 2785 etiam
639 2746 698 2785 ut
733 2737 844 2786 duae
883 2737 1082 2786 chordae
1123 2738 1295 2795 BI‚IK
1331 2737 1396 2786 ad
1435 2737 1557 2785 duas

163 2808 370 2859 chordas
389 2810 504 2869 BM,
523 2813 635 2870 ML,
659 2814 731 2861 ita
753 2813 841 2861 AB
865 2814 929 2862 ad
953 2814 1060 2863 AD.
1107 2814 1205 2863 Sed
1228 2814 1338 2863 duae
1362 2814 1557 2862 chordae

165 2883 250 2943 131,
267 2883 339 2934 11(
375 2894 506 2947 sunt,
535 2904 625 2952 per
665 2890 1096 2949 constructionem,
1121 2891 1329 2954 aequales
1369 2890 1557 2937 duabus
