<?xml version="1.0" encoding="UTF-8"?>
<!DOCTYPE html PUBLIC "-//W3C//DTD XHTML 1.0 Transitional//EN"
    "http://www.w3.org/TR/xhtml1/DTD/xhtml1-transitional.dtd">
<html xmlns="http://www.w3.org/1999/xhtml" xml:lang="en" lang="en">
 <head>
  <title>
</title>
<meta http-equiv="Content-Type" content="text/html;charset=utf-8" />
  <meta name='ocr-system' content='tesseract 3.04.00' />
  <meta name='ocr-capabilities' content='ocr_page ocr_carea ocr_par ocr_line ocrx_word'/>
</head>
<body>
  <div class='ocr_page' id='page_1' title='image "./operaphilosophic05hobbuoft_0047.png"; bbox 0 0 1982 3204; ppageno 0'>
   <div class='ocr_carea' id='block_1_1' title="bbox 485 293 1539 336">
    <p class='ocr_par' dir='ltr' id='par_1_1' title="bbox 485 293 1539 336">
     <span class='ocr_line' id='line_1_1' title="bbox 485 293 1539 336; baseline 0.005 -5"><span class='ocrx_word' id='word_1_1' title='bbox 485 298 747 333; x_wconf 70' lang='lat' dir='ltr'>Rosss‘rnu</span> <span class='ocrx_word' id='word_1_2' title='bbox 777 298 1206 334; x_wconf 67' lang='lat' dir='ltr'>Gnoussrmcum.</span> <span class='ocrx_word' id='word_1_3' title='bbox 1476 293 1539 336; x_wconf 88' lang='grc'>39</span> 
     </span>
    </p>
   </div>
   <div class='ocr_carea' id='block_1_2' title="bbox 150 405 1807 473">
    <p class='ocr_par' dir='ltr' id='par_1_2' title="bbox 150 405 1807 473">
     <span class='ocr_line' id='line_1_2' title="bbox 150 405 1807 473; baseline 0.003 -19"><span class='ocrx_word' id='word_1_4' title='bbox 150 405 247 454; x_wconf 67' lang='lat' dir='ltr'>Af:</span> <span class='ocrx_word' id='word_1_5' title='bbox 277 407 612 473; x_wconf 83' lang='lat' dir='ltr'>jungaturque</span> <span class='ocrx_word' id='word_1_6' title='bbox 636 421 704 470; x_wconf 81' lang='grc' dir='ltr'><strong><em>«ιβ.</em></strong></span> <span class='ocrx_word' id='word_1_7' title='bbox 773 409 880 458; x_wconf 85' lang='lat' dir='ltr'>Erit</span> <span class='ocrx_word' id='word_1_8' title='bbox 916 410 1066 472; x_wconf 75' lang='lat' dir='ltr'>igitur</span> <span class='ocrx_word' id='word_1_9' title='bbox 1106 411 1406 473; x_wconf 86' lang='lat' dir='ltr'>triangulum</span> <span class='ocrx_word' id='word_1_10' title='bbox 1438 413 1540 472; x_wconf 69' lang='lat' dir='ltr'>Kass</span> <span class='ocrx_word' id='word_1_11' title='bbox 1577 431 1685 457; x_wconf 69' lang='lat' dir='ltr'>mor».</span> <span class='ocrx_word' id='word_1_12' title='bbox 1707 432 1807 459; x_wconf 83' lang='lat' dir='ltr'>xvu.</span> 
     </span>
    </p>
   </div>
   <div class='ocr_carea' id='block_1_3' title="bbox 149 479 1800 623">
    <p class='ocr_par' dir='ltr' id='par_1_3' title="bbox 149 479 1800 623">
     <span class='ocr_line' id='line_1_3' title="bbox 149 479 1800 548; baseline 0.001 -18"><span class='ocrx_word' id='word_1_13' title='bbox 149 482 518 546; x_wconf 66' lang='lat' dir='ltr'>aequilaterum:</span> <span class='ocrx_word' id='word_1_14' title='bbox 555 485 685 532; x_wconf 84' lang='lat' dir='ltr'>basis</span> <span class='ocrx_word' id='word_1_15' title='bbox 699 492 863 533; x_wconf 89' lang='lat' dir='ltr'>autem</span> <span class='ocrx_word' id='word_1_16' title='bbox 882 485 986 548; x_wconf 84' lang='lat' dir='ltr'>ejus</span> <span class='ocrx_word' id='word_1_17' title='bbox 1009 497 1064 546; x_wconf 98' lang='grc' dir='ltr'>«ιβ</span> <span class='ocrx_word' id='word_1_18' title='bbox 1087 487 1331 534; x_wconf 84' lang='lat' dir='ltr'>secabitur</span> <span class='ocrx_word' id='word_1_19' title='bbox 1350 503 1380 534; x_wconf 89' lang='lat' dir='ltr'>a</span> <span class='ocrx_word' id='word_1_20' title='bbox 1402 497 1539 536; x_wconf 89' lang='lat' dir='ltr'>recta</span> <span class='ocrx_word' id='word_1_21' title='bbox 1559 479 1800 544; x_wconf 53' lang='lat' dir='ltr'>hm</span> 
     </span>
     <span class='ocr_line' id='line_1_4' title="bbox 151 556 1790 623; baseline -0.007 -19"><span class='ocrx_word' id='word_1_22' title='bbox 151 556 240 605; x_wconf 89' lang='grc' dir='ltr'>ΚΕ</span> <span class='ocrx_word' id='word_1_23' title='bbox 263 557 503 617; x_wconf 87' lang='lat' dir='ltr'>bifariam,</span> <span class='ocrx_word' id='word_1_24' title='bbox 528 568 578 608; x_wconf 93' lang='lat' dir='ltr'>et</span> <span class='ocrx_word' id='word_1_25' title='bbox 601 559 665 607; x_wconf 85' lang='lat' dir='ltr'>ad</span> <span class='ocrx_word' id='word_1_26' title='bbox 688 560 894 623; x_wconf 89' lang='lat' dir='ltr'>angulos</span> <span class='ocrx_word' id='word_1_27' title='bbox 918 569 1092 608; x_wconf 89' lang='lat' dir='ltr'>rectos.</span> <span class='ocrx_word' id='word_1_28' title='bbox 1450 575 1454 578; x_wconf 93' lang='lat'>·</span> <span class='ocrx_word' id='word_1_29' title='bbox 1555 558 1723 596; x_wconf 63' lang='lat' dir='ltr'>equalem</span> <span class='ocrx_word' id='word_1_30' title='bbox 1737 564 1790 587; x_wconf 68' lang='lat' dir='ltr'>etc.</span> 
     </span>
    </p>
   </div>
   <div class='ocr_carea' id='block_1_4' title="bbox 136 632 1566 2957">
    <p class='ocr_par' dir='ltr' id='par_1_4' title="bbox 148 632 1538 848">
     <span class='ocr_line' id='line_1_5' title="bbox 214 632 1538 699; baseline 0.002 -18"><span class='ocrx_word' id='word_1_31' title='bbox 214 632 288 680; x_wconf 83' lang='lat' dir='ltr'>Ex</span> <span class='ocrx_word' id='word_1_32' title='bbox 312 643 450 682; x_wconf 87' lang='lat' dir='ltr'>recta</span> <span class='ocrx_word' id='word_1_33' title='bbox 489 635 582 688; x_wconf 88' lang='lat' dir='ltr'>BP,</span> <span class='ocrx_word' id='word_1_34' title='bbox 606 651 715 699; x_wconf 88' lang='lat' dir='ltr'>quae</span> <span class='ocrx_word' id='word_1_35' title='bbox 752 644 827 683; x_wconf 87' lang='lat' dir='ltr'>est</span> <span class='ocrx_word' id='word_1_36' title='bbox 865 644 1072 698; x_wconf 87' lang='lat' dir='ltr'>tangens</span> <span class='ocrx_word' id='word_1_37' title='bbox 1105 641 1169 684; x_wconf 91' lang='lat'>30</span> <span class='ocrx_word' id='word_1_38' title='bbox 1192 636 1450 699; x_wconf 90' lang='lat' dir='ltr'>graduum,</span> <span class='ocrx_word' id='word_1_39' title='bbox 1487 646 1538 685; x_wconf 94' lang='lat' dir='ltr'>et</span> 
     </span>
     <span class='ocr_line' id='line_1_6' title="bbox 148 699 1536 775; baseline 0.004 -22"><span class='ocrx_word' id='word_1_40' title='bbox 148 722 209 753; x_wconf 83' lang='lat' dir='ltr'>ex</span> <span class='ocrx_word' id='word_1_41' title='bbox 246 707 434 757; x_wconf 85' lang='lat' dir='ltr'>duabus</span> <span class='ocrx_word' id='word_1_42' title='bbox 467 710 615 758; x_wconf 89' lang='lat' dir='ltr'>rectis</span> <span class='ocrx_word' id='word_1_43' title='bbox 655 699 862 773; x_wconf 81' lang='lat' dir='ltr'>quarum</span> <span class='ocrx_word' id='word_1_44' title='bbox 897 718 1105 774; x_wconf 90' lang='lat' dir='ltr'>utraque</span> <span class='ocrx_word' id='word_1_45' title='bbox 1141 711 1205 759; x_wconf 89' lang='lat' dir='ltr'>sit</span> <span class='ocrx_word' id='word_1_46' title='bbox 1235 711 1433 775; x_wconf 85' lang='lat' dir='ltr'>aequalis</span> <span class='ocrx_word' id='word_1_47' title='bbox 1466 723 1536 772; x_wconf 81' lang='grc' dir='ltr'><strong><em>«ιβ,</em></strong></span> 
     </span>
     <span class='ocr_line' id='line_1_7' title="bbox 148 781 1289 848; baseline 0.004 -18"><span class='ocrx_word' id='word_1_48' title='bbox 148 781 235 830; x_wconf 84' lang='lat' dir='ltr'>fiat</span> <span class='ocrx_word' id='word_1_49' title='bbox 259 783 557 847; x_wconf 83' lang='lat' dir='ltr'>triangulum</span> <span class='ocrx_word' id='word_1_50' title='bbox 578 795 690 846; x_wconf 77' lang='grc' dir='ltr'><strong><em>«ιβγ.</em></strong></span> <span class='ocrx_word' id='word_1_51' title='bbox 679 802 690 812; x_wconf 88' lang='grc'><em>·</em></span> <span class='ocrx_word' id='word_1_52' title='bbox 727 792 778 833; x_wconf 88' lang='lat' dir='ltr'>et</span> <span class='ocrx_word' id='word_1_53' title='bbox 801 785 895 833; x_wconf 90' lang='lat' dir='ltr'>erit</span> <span class='ocrx_word' id='word_1_54' title='bbox 915 794 974 845; x_wconf 81' lang='grc' dir='ltr'>βγ</span> <span class='ocrx_word' id='word_1_55' title='bbox 997 785 1196 848; x_wconf 88' lang='lat' dir='ltr'>aequalis</span> <span class='ocrx_word' id='word_1_56' title='bbox 1219 796 1289 846; x_wconf 88' lang='grc' dir='ltr'><strong><em>«ιβ.</em></strong></span> 
     </span>
    </p>

    <p class='ocr_par' dir='ltr' id='par_1_5' title="bbox 147 857 1537 992">
     <span class='ocr_line' id='line_1_8' title="bbox 215 857 1537 943; baseline 0.005 -38"><span class='ocrx_word' id='word_1_57' title='bbox 215 857 308 906; x_wconf 90' lang='lat' dir='ltr'>Per</span> <span class='ocrx_word' id='word_1_58' title='bbox 330 859 426 906; x_wconf 88' lang='lat' dir='ltr'>tria</span> <span class='ocrx_word' id='word_1_59' title='bbox 446 866 631 922; x_wconf 86' lang='lat' dir='ltr'>puncta</span> <span class='ocrx_word' id='word_1_60' title='bbox 652 887 692 917; x_wconf 92' lang='grc' dir='ltr'>«ι,</span> <span class='ocrx_word' id='word_1_61' title='bbox 710 869 755 917; x_wconf 87' lang='grc' dir='ltr'>β,</span> <span class='ocrx_word' id='word_1_62' title='bbox 775 886 800 917; x_wconf 72' lang='lat'><strong>7</strong></span> <span class='ocrx_word' id='word_1_63' title='bbox 826 860 1130 909; x_wconf 83' lang='lat' dir='ltr'>describatur</span> <span class='ocrx_word' id='word_1_64' title='bbox 1152 861 1380 920; x_wconf 81' lang='lat' dir='ltr'>circuluS,</span> <span class='ocrx_word' id='word_1_65' title='bbox 1398 862 1537 943; x_wconf 87' lang='lat' dir='ltr'>cujus</span> 
     </span>
     <span class='ocr_line' id='line_1_9' title="bbox 147 934 1534 992; baseline 0.003 -11"><span class='ocrx_word' id='word_1_66' title='bbox 147 942 372 981; x_wconf 87' lang='lat' dir='ltr'>centrum</span> <span class='ocrx_word' id='word_1_67' title='bbox 394 934 459 982; x_wconf 91' lang='lat' dir='ltr'>sit</span> <span class='ocrx_word' id='word_1_68' title='bbox 481 934 539 992; x_wconf 92' lang='lat' dir='ltr'>G,</span> <span class='ocrx_word' id='word_1_69' title='bbox 563 934 924 983; x_wconf 88' lang='lat' dir='ltr'>semidiameter</span> <span class='ocrx_word' id='word_1_70' title='bbox 947 936 1018 992; x_wconf 67' lang='lat' dir='ltr'>Gss</span> <span class='ocrx_word' id='word_1_71' title='bbox 1041 937 1118 984; x_wconf 88' lang='lat' dir='ltr'>vel</span> <span class='ocrx_word' id='word_1_72' title='bbox 1137 937 1223 985; x_wconf 80' lang='lat' dir='ltr'>Ga.</span> <span class='ocrx_word' id='word_1_73' title='bbox 1523 944 1534 953; x_wconf 53' lang='lat'><strong>⁸</strong></span> 
     </span>
    </p>

    <p class='ocr_par' dir='ltr' id='par_1_6' title="bbox 138 1007 1566 1752">
     <span class='ocr_line' id='line_1_10' title="bbox 215 1007 1538 1076; baseline 0.002 -18"><span class='ocrx_word' id='word_1_74' title='bbox 215 1007 460 1058; x_wconf 78' lang='lat' dir='ltr'><strong>Quoniam</strong></span> <span class='ocrx_word' id='word_1_75' title='bbox 475 1018 642 1058; x_wconf 92' lang='lat' dir='ltr'>autem</span> <span class='ocrx_word' id='word_1_76' title='bbox 656 1010 736 1058; x_wconf 89' lang='lat' dir='ltr'>EF</span> <span class='ocrx_word' id='word_1_77' title='bbox 750 1011 852 1059; x_wconf 90' lang='lat' dir='ltr'>sive</span> <span class='ocrx_word' id='word_1_78' title='bbox 866 1011 954 1059; x_wconf 89' lang='lat' dir='ltr'>AB</span> <span class='ocrx_word' id='word_1_79' title='bbox 971 1012 1211 1060; x_wconf 84' lang='lat' dir='ltr'>diameter</span> <span class='ocrx_word' id='word_1_80' title='bbox 1233 1012 1437 1076; x_wconf 87' lang='lat' dir='ltr'>sphaerae</span> <span class='ocrx_word' id='word_1_81' title='bbox 1461 1022 1538 1061; x_wconf 90' lang='lat' dir='ltr'>est</span> 
     </span>
     <span class='ocr_line' id='line_1_11' title="bbox 146 1082 1536 1149; baseline 0.004 -17"><span class='ocrx_word' id='word_1_82' title='bbox 146 1082 211 1132; x_wconf 80' lang='lat' dir='ltr'>ad</span> <span class='ocrx_word' id='word_1_83' title='bbox 230 1082 330 1142; x_wconf 89' lang='lat' dir='ltr'>BP,</span> <span class='ocrx_word' id='word_1_84' title='bbox 347 1084 399 1132; x_wconf 92' lang='lat' dir='ltr'>id</span> <span class='ocrx_word' id='word_1_85' title='bbox 421 1093 495 1132; x_wconf 89' lang='lat' dir='ltr'>est</span> <span class='ocrx_word' id='word_1_86' title='bbox 518 1085 581 1133; x_wconf 89' lang='lat' dir='ltr'>ad</span> <span class='ocrx_word' id='word_1_87' title='bbox 605 1109 673 1143; x_wconf 80' lang='grc' dir='ltr'>αγ,</span> <span class='ocrx_word' id='word_1_88' title='bbox 704 1087 929 1149; x_wconf 84' lang='lat' dir='ltr'>potentia</span> <span class='ocrx_word' id='word_1_89' title='bbox 951 1097 1007 1135; x_wconf 91' lang='lat' dir='ltr'>ut</span> <span class='ocrx_word' id='word_1_90' title='bbox 1026 1094 1056 1135; x_wconf 89' lang='lat'><strong>3</strong></span> <span class='ocrx_word' id='word_1_91' title='bbox 1071 1087 1135 1135; x_wconf 90' lang='lat' dir='ltr'>ad</span> <span class='ocrx_word' id='word_1_92' title='bbox 1162 1094 1202 1146; x_wconf 91' lang='lat' dir='ltr'>l,</span> <span class='ocrx_word' id='word_1_93' title='bbox 1221 1088 1316 1136; x_wconf 91' lang='lat' dir='ltr'>erit</span> <span class='ocrx_word' id='word_1_94' title='bbox 1337 1116 1391 1149; x_wconf 73' lang='grc' dir='ltr'>«ιγ</span> <span class='ocrx_word' id='word_1_95' title='bbox 1409 1088 1536 1137; x_wconf 87' lang='lat' dir='ltr'>latus</span> 
     </span>
     <span class='ocr_line' id='line_1_12' title="bbox 145 1159 1534 1226; baseline 0.004 -20"><span class='ocrx_word' id='word_1_96' title='bbox 145 1159 258 1206; x_wconf 87' lang='lat' dir='ltr'>cubi</span> <span class='ocrx_word' id='word_1_97' title='bbox 302 1159 525 1224; x_wconf 88' lang='lat' dir='ltr'>inscripti</span> <span class='ocrx_word' id='word_1_98' title='bbox 563 1162 614 1210; x_wconf 88' lang='lat' dir='ltr'>in</span> <span class='ocrx_word' id='word_1_99' title='bbox 654 1162 845 1225; x_wconf 88' lang='lat' dir='ltr'>sphaera</span> <span class='ocrx_word' id='word_1_100' title='bbox 885 1163 1025 1226; x_wconf 89' lang='lat' dir='ltr'>cujus</span> <span class='ocrx_word' id='word_1_101' title='bbox 1062 1162 1300 1211; x_wconf 83' lang='lat' dir='ltr'>diameter</span> <span class='ocrx_word' id='word_1_102' title='bbox 1332 1173 1406 1211; x_wconf 90' lang='lat' dir='ltr'>est</span> <span class='ocrx_word' id='word_1_103' title='bbox 1440 1165 1534 1212; x_wconf 85' lang='lat' dir='ltr'>EF.</span> 
     </span>
     <span class='ocr_line' id='line_1_13' title="bbox 143 1234 1538 1302; baseline 0.002 -19"><span class='ocrx_word' id='word_1_104' title='bbox 143 1234 209 1283; x_wconf 79' lang='lat' dir='ltr'>Et</span> <span class='ocrx_word' id='word_1_105' title='bbox 249 1237 479 1298; x_wconf 87' lang='lat' dir='ltr'>quoniam</span> <span class='ocrx_word' id='word_1_106' title='bbox 517 1237 627 1300; x_wconf 90' lang='lat' dir='ltr'>(per</span> <span class='ocrx_word' id='word_1_107' title='bbox 656 1237 1039 1302; x_wconf 89' lang='lat' dir='ltr'>propositionem</span> <span class='ocrx_word' id='word_1_108' title='bbox 1063 1238 1208 1301; x_wconf 88' lang='lat' dir='ltr'>hujus</span> <span class='ocrx_word' id='word_1_109' title='bbox 1230 1239 1333 1299; x_wconf 84' lang='lat' dir='ltr'>xiv)</span> <span class='ocrx_word' id='word_1_110' title='bbox 1362 1247 1538 1302; x_wconf 87' lang='lat' dir='ltr'>quarta</span> 
     </span>
     <span class='ocr_line' id='line_1_14' title="bbox 143 1311 1536 1377; baseline 0.002 -18"><span class='ocrx_word' id='word_1_111' title='bbox 143 1325 259 1374; x_wconf 84' lang='lat' dir='ltr'>pars</span> <span class='ocrx_word' id='word_1_112' title='bbox 288 1311 561 1375; x_wconf 86' lang='lat' dir='ltr'>diagonalis</span> <span class='ocrx_word' id='word_1_113' title='bbox 599 1322 675 1361; x_wconf 90' lang='lat' dir='ltr'>est</span> <span class='ocrx_word' id='word_1_114' title='bbox 713 1314 869 1376; x_wconf 88' lang='lat' dir='ltr'>majus</span> <span class='ocrx_word' id='word_1_115' title='bbox 900 1322 1208 1377; x_wconf 87' lang='lat' dir='ltr'>segmentum</span> <span class='ocrx_word' id='word_1_116' title='bbox 1231 1314 1398 1362; x_wconf 88' lang='lat' dir='ltr'>lateris</span> <span class='ocrx_word' id='word_1_117' title='bbox 1423 1315 1536 1363; x_wconf 90' lang='lat' dir='ltr'>cubi</span> 
     </span>
     <span class='ocr_line' id='line_1_15' title="bbox 145 1384 1566 1453; baseline 0.004 -20"><span class='ocrx_word' id='word_1_118' title='bbox 145 1384 288 1434; x_wconf 83' lang='lat' dir='ltr'>divisi</span> <span class='ocrx_word' id='word_1_119' title='bbox 325 1396 545 1436; x_wconf 84' lang='lat' dir='ltr'>extrema</span> <span class='ocrx_word' id='word_1_120' title='bbox 576 1398 627 1437; x_wconf 91' lang='lat' dir='ltr'>et</span> <span class='ocrx_word' id='word_1_121' title='bbox 666 1389 829 1437; x_wconf 92' lang='lat' dir='ltr'>media</span> <span class='ocrx_word' id='word_1_122' title='bbox 861 1390 1080 1444; x_wconf 89' lang='lat' dir='ltr'>ratione;</span> <span class='ocrx_word' id='word_1_123' title='bbox 1116 1390 1210 1438; x_wconf 90' lang='lat' dir='ltr'>erit</span> <span class='ocrx_word' id='word_1_124' title='bbox 1246 1391 1356 1453; x_wconf 92' lang='lat' dir='ltr'>(per</span> <span class='ocrx_word' id='word_1_125' title='bbox 1378 1390 1566 1438; x_wconf 49' lang='lat' dir='ltr'>Elem«</span> 
     </span>
     <span class='ocr_line' id='line_1_16' title="bbox 142 1460 1535 1528; baseline 0.004 -20"><span class='ocrx_word' id='word_1_126' title='bbox 142 1460 247 1519; x_wconf 85' lang='lat' dir='ltr'>xiii,</span> <span class='ocrx_word' id='word_1_127' title='bbox 269 1477 408 1526; x_wconf 87' lang='lat' dir='ltr'>prop.</span> <span class='ocrx_word' id='word_1_128' title='bbox 429 1465 481 1525; x_wconf 90' lang='lat'>8)</span> <span class='ocrx_word' id='word_1_129' title='bbox 526 1473 662 1513; x_wconf 89' lang='lat' dir='ltr'>recta</span> <span class='ocrx_word' id='word_1_130' title='bbox 698 1472 753 1521; x_wconf 84' lang='grc' dir='ltr'>«ιβ</span> <span class='ocrx_word' id='word_1_131' title='bbox 789 1465 918 1513; x_wconf 89' lang='lat' dir='ltr'>latus</span> <span class='ocrx_word' id='word_1_132' title='bbox 952 1465 1223 1528; x_wconf 88' lang='lat' dir='ltr'>pentagoni</span> <span class='ocrx_word' id='word_1_133' title='bbox 1259 1466 1310 1513; x_wconf 93' lang='lat' dir='ltr'>in</span> <span class='ocrx_word' id='word_1_134' title='bbox 1351 1466 1535 1514; x_wconf 89' lang='lat' dir='ltr'>circulo</span> 
     </span>
     <span class='ocr_line' id='line_1_17' title="bbox 143 1538 1535 1603; baseline 0.003 -18"><span class='ocrx_word' id='word_1_135' title='bbox 143 1541 259 1592; x_wconf 79' lang='grc' dir='ltr'>αβγ;</span> <span class='ocrx_word' id='word_1_136' title='bbox 294 1545 347 1585; x_wconf 86' lang='lat' dir='ltr'>et</span> <span class='ocrx_word' id='word_1_137' title='bbox 369 1538 527 1601; x_wconf 87' lang='lat' dir='ltr'>ipsum</span> <span class='ocrx_word' id='word_1_138' title='bbox 551 1548 887 1603; x_wconf 85' lang='lat' dir='ltr'>pentagonum</span> <span class='ocrx_word' id='word_1_139' title='bbox 906 1556 1006 1588; x_wconf 88' lang='lat' dir='ltr'>una</span> <span class='ocrx_word' id='word_1_140' title='bbox 1028 1556 1088 1588; x_wconf 86' lang='lat' dir='ltr'>ex</span> <span class='ocrx_word' id='word_1_141' title='bbox 1112 1540 1382 1588; x_wconf 86' lang='lat' dir='ltr'>duodecem</span> <span class='ocrx_word' id='word_1_142' title='bbox 1406 1542 1535 1589; x_wconf 92' lang='lat' dir='ltr'>sedi-</span> 
     </span>
     <span class='ocr_line' id='line_1_18' title="bbox 142 1611 1535 1680; baseline 0.004 -20"><span class='ocrx_word' id='word_1_143' title='bbox 142 1611 235 1660; x_wconf 90' lang='lat' dir='ltr'>bus</span> <span class='ocrx_word' id='word_1_144' title='bbox 281 1611 574 1662; x_wconf 91' lang='lat' dir='ltr'>dodecaedri</span> <span class='ocrx_word' id='word_1_145' title='bbox 610 1615 662 1663; x_wconf 88' lang='lat' dir='ltr'>in</span> <span class='ocrx_word' id='word_1_146' title='bbox 702 1615 874 1663; x_wconf 90' lang='lat' dir='ltr'>eadem</span> <span class='ocrx_word' id='word_1_147' title='bbox 910 1632 1024 1663; x_wconf 90' lang='lat' dir='ltr'>cum</span> <span class='ocrx_word' id='word_1_148' title='bbox 1057 1615 1311 1664; x_wconf 89' lang='lat' dir='ltr'>icosaedro</span> <span class='ocrx_word' id='word_1_149' title='bbox 1344 1617 1535 1680; x_wconf 88' lang='lat' dir='ltr'>sphaera</span> 
     </span>
     <span class='ocr_line' id='line_1_19' title="bbox 138 1686 377 1752; baseline 0 -16"><span class='ocrx_word' id='word_1_150' title='bbox 138 1686 377 1752; x_wconf 88' lang='lat' dir='ltr'>inscripti.</span> 
     </span>
    </p>

    <p class='ocr_par' dir='ltr' id='par_1_7' title="bbox 206 1763 1047 1829">
     <span class='ocr_line' id='line_1_20' title="bbox 206 1763 1047 1829; baseline 0.004 -18"><span class='ocrx_word' id='word_1_151' title='bbox 206 1763 527 1828; x_wconf 89' lang='lat' dir='ltr'>Compleatur</span> <span class='ocrx_word' id='word_1_152' title='bbox 548 1773 885 1829; x_wconf 86' lang='lat' dir='ltr'>pentagonum</span> <span class='ocrx_word' id='word_1_153' title='bbox 909 1772 1047 1824; x_wconf 78' lang='grc' dir='ltr'><strong><em>«ιβγδε.</em></strong></span> 
     </span>
    </p>

    <p class='ocr_par' dir='ltr' id='par_1_8' title="bbox 136 1838 1534 2131">
     <span class='ocr_line' id='line_1_21' title="bbox 202 1838 1531 1907; baseline 0.003 -20"><span class='ocrx_word' id='word_1_154' title='bbox 202 1838 427 1888; x_wconf 88' lang='lat' dir='ltr'>Ducatur</span> <span class='ocrx_word' id='word_1_155' title='bbox 470 1851 606 1890; x_wconf 89' lang='lat' dir='ltr'>recta</span> <span class='ocrx_word' id='word_1_156' title='bbox 651 1842 751 1899; x_wconf 89' lang='lat' dir='ltr'>AF,</span> <span class='ocrx_word' id='word_1_157' title='bbox 786 1857 958 1890; x_wconf 91' lang='lat' dir='ltr'>secans</span> <span class='ocrx_word' id='word_1_158' title='bbox 998 1858 1168 1890; x_wconf 89' lang='lat' dir='ltr'>arcum</span> <span class='ocrx_word' id='word_1_159' title='bbox 1200 1842 1338 1890; x_wconf 87' lang='lat' dir='ltr'>AKC</span> <span class='ocrx_word' id='word_1_160' title='bbox 1381 1843 1433 1891; x_wconf 90' lang='lat' dir='ltr'>in</span> <span class='ocrx_word' id='word_1_161' title='bbox 1453 1843 1531 1907; x_wconf 85' lang='lat' dir='ltr'>f:</span> 
     </span>
     <span class='ocr_line' id='line_1_22' title="bbox 136 1915 1533 1981; baseline 0.003 -18"><span class='ocrx_word' id='word_1_162' title='bbox 136 1915 342 1979; x_wconf 75' lang='lat' dir='ltr'>eritque,</span> <span class='ocrx_word' id='word_1_163' title='bbox 365 1923 423 1964; x_wconf 89' lang='lat' dir='ltr'>ut</span> <span class='ocrx_word' id='word_1_164' title='bbox 467 1917 584 1964; x_wconf 86' lang='lat' dir='ltr'>satis</span> <span class='ocrx_word' id='word_1_165' title='bbox 616 1926 789 1965; x_wconf 90' lang='lat' dir='ltr'>notum</span> <span class='ocrx_word' id='word_1_166' title='bbox 826 1925 900 1965; x_wconf 91' lang='lat' dir='ltr'>est</span> <span class='ocrx_word' id='word_1_167' title='bbox 936 1918 1215 1980; x_wconf 90' lang='lat' dir='ltr'>geometris,</span> <span class='ocrx_word' id='word_1_168' title='bbox 1242 1917 1319 1979; x_wconf 87' lang='lat' dir='ltr'>Bf</span> <span class='ocrx_word' id='word_1_169' title='bbox 1347 1919 1533 1981; x_wconf 88' lang='lat' dir='ltr'>quintae</span> 
     </span>
     <span class='ocr_line' id='line_1_23' title="bbox 136 1991 1534 2058; baseline 0.003 -19"><span class='ocrx_word' id='word_1_170' title='bbox 136 1991 291 2054; x_wconf 82' lang='lat' dir='ltr'>partis</span> <span class='ocrx_word' id='word_1_171' title='bbox 321 1991 489 2040; x_wconf 87' lang='lat' dir='ltr'>lateris</span> <span class='ocrx_word' id='word_1_172' title='bbox 513 1993 619 2051; x_wconf 92' lang='lat' dir='ltr'>AB,</span> <span class='ocrx_word' id='word_1_173' title='bbox 652 1993 755 2041; x_wconf 88' lang='lat' dir='ltr'>sive</span> <span class='ocrx_word' id='word_1_174' title='bbox 792 1992 1021 2041; x_wconf 88' lang='lat' dir='ltr'>diametri</span> <span class='ocrx_word' id='word_1_175' title='bbox 1061 1994 1284 2057; x_wconf 85' lang='lat' dir='ltr'>sphaerae,</span> <span class='ocrx_word' id='word_1_176' title='bbox 1307 1996 1534 2058; x_wconf 90' lang='lat' dir='ltr'>potentia</span> 
     </span>
     <span class='ocr_line' id='line_1_24' title="bbox 140 2067 414 2131; baseline 0.004 -16"><span class='ocrx_word' id='word_1_177' title='bbox 140 2067 414 2131; x_wconf 86' lang='lat' dir='ltr'>quintupla.</span> 
     </span>
    </p>

    <p class='ocr_par' dir='ltr' id='par_1_9' title="bbox 206 2141 1532 2210">
     <span class='ocr_line' id='line_1_25' title="bbox 206 2141 1532 2210; baseline 0.002 -19"><span class='ocrx_word' id='word_1_178' title='bbox 206 2141 525 2191; x_wconf 86' lang='lat' dir='ltr'>Describatur</span> <span class='ocrx_word' id='word_1_179' title='bbox 543 2143 746 2191; x_wconf 90' lang='lat' dir='ltr'>seorsim</span> <span class='ocrx_word' id='word_1_180' title='bbox 766 2143 906 2191; x_wconf 91' lang='lat' dir='ltr'>radio</span> <span class='ocrx_word' id='word_1_181' title='bbox 926 2144 1020 2202; x_wconf 93' lang='lat' dir='ltr'>IH,</span> <span class='ocrx_word' id='word_1_182' title='bbox 1041 2144 1126 2207; x_wconf 91' lang='lat' dir='ltr'>qui</span> <span class='ocrx_word' id='word_1_183' title='bbox 1149 2144 1213 2193; x_wconf 87' lang='lat' dir='ltr'>sit</span> <span class='ocrx_word' id='word_1_184' title='bbox 1230 2145 1429 2208; x_wconf 87' lang='lat' dir='ltr'>aequalis</span> <span class='ocrx_word' id='word_1_185' title='bbox 1447 2144 1532 2210; x_wconf 83' lang='lat' dir='ltr'>Bf,</span> 
     </span>
    </p>

    <p class='ocr_par' dir='ltr' id='par_1_10' title="bbox 138 2218 1533 2809">
     <span class='ocr_line' id='line_1_26' title="bbox 139 2218 1533 2285; baseline 0.003 -19"><span class='ocrx_word' id='word_1_186' title='bbox 139 2218 352 2267; x_wconf 87' lang='lat' dir='ltr'>circulus</span> <span class='ocrx_word' id='word_1_187' title='bbox 399 2218 507 2276; x_wconf 89' lang='lat' dir='ltr'>HL,</span> <span class='ocrx_word' id='word_1_188' title='bbox 548 2219 599 2267; x_wconf 91' lang='lat' dir='ltr'>in</span> <span class='ocrx_word' id='word_1_189' title='bbox 639 2235 736 2283; x_wconf 91' lang='lat' dir='ltr'>quo</span> <span class='ocrx_word' id='word_1_190' title='bbox 777 2219 906 2268; x_wconf 89' lang='lat' dir='ltr'>latus</span> <span class='ocrx_word' id='word_1_191' title='bbox 945 2221 1215 2284; x_wconf 82' lang='lat' dir='ltr'>pentagoni</span> <span class='ocrx_word' id='word_1_192' title='bbox 1261 2222 1533 2285; x_wconf 86' lang='lat' dir='ltr'>aequilateri</span> 
     </span>
     <span class='ocr_line' id='line_1_27' title="bbox 141 2292 1532 2358; baseline 0.004 -17"><span class='ocrx_word' id='word_1_193' title='bbox 141 2293 207 2342; x_wconf 85' lang='lat' dir='ltr'>sit</span> <span class='ocrx_word' id='word_1_194' title='bbox 231 2292 341 2342; x_wconf 89' lang='lat' dir='ltr'>HL.</span> <span class='ocrx_word' id='word_1_195' title='bbox 411 2293 519 2342; x_wconf 89' lang='lat' dir='ltr'>Erit</span> <span class='ocrx_word' id='word_1_196' title='bbox 553 2310 671 2358; x_wconf 87' lang='lat' dir='ltr'>ergo</span> <span class='ocrx_word' id='word_1_197' title='bbox 705 2295 799 2343; x_wconf 89' lang='lat' dir='ltr'>HL</span> <span class='ocrx_word' id='word_1_198' title='bbox 833 2295 960 2344; x_wconf 87' lang='lat' dir='ltr'>latus</span> <span class='ocrx_word' id='word_1_199' title='bbox 1000 2296 1240 2344; x_wconf 87' lang='lat' dir='ltr'>icosaedri</span> <span class='ocrx_word' id='word_1_200' title='bbox 1270 2297 1323 2345; x_wconf 91' lang='lat' dir='ltr'>in</span> <span class='ocrx_word' id='word_1_201' title='bbox 1360 2297 1532 2346; x_wconf 89' lang='lat' dir='ltr'>eadem</span> 
     </span>
     <span class='ocr_line' id='line_1_28' title="bbox 140 2369 1032 2435; baseline 0.001 -17"><span class='ocrx_word' id='word_1_202' title='bbox 140 2369 348 2433; x_wconf 65' lang='lat' dir='ltr'>sphaera,</span> <span class='ocrx_word' id='word_1_203' title='bbox 370 2385 458 2433; x_wconf 90' lang='lat' dir='ltr'>per</span> <span class='ocrx_word' id='word_1_204' title='bbox 482 2369 636 2418; x_wconf 88' lang='lat' dir='ltr'>Elem.</span> <span class='ocrx_word' id='word_1_205' title='bbox 659 2370 761 2429; x_wconf 82' lang='lat' dir='ltr'>xiii,</span> <span class='ocrx_word' id='word_1_206' title='bbox 786 2387 925 2435; x_wconf 88' lang='lat' dir='ltr'>prop.</span> <span class='ocrx_word' id='word_1_207' title='bbox 957 2376 1032 2419; x_wconf 90' lang='grc'>16.</span> 
     </span>
     <span class='ocr_line' id='line_1_29' title="bbox 143 2445 1528 2510; baseline 0.002 -17"><span class='ocrx_word' id='word_1_208' title='bbox 143 2489 146 2493; x_wconf 16' lang='grc' dir='ltr'><strong>Α</strong></span> <span class='ocrx_word' id='word_1_209' title='bbox 206 2445 339 2509; x_wconf 83' lang='lat' dir='ltr'>Ergo</span> <span class='ocrx_word' id='word_1_210' title='bbox 366 2449 475 2509; x_wconf 91' lang='lat' dir='ltr'>(per</span> <span class='ocrx_word' id='word_1_211' title='bbox 497 2445 651 2494; x_wconf 90' lang='lat' dir='ltr'>Elem.</span> <span class='ocrx_word' id='word_1_212' title='bbox 668 2446 766 2504; x_wconf 86' lang='lat' dir='ltr'>xiv,</span> <span class='ocrx_word' id='word_1_213' title='bbox 785 2463 923 2510; x_wconf 92' lang='lat' dir='ltr'>prop.</span> <span class='ocrx_word' id='word_1_214' title='bbox 945 2453 991 2505; x_wconf 91' lang='lat'>5,</span> <span class='ocrx_word' id='word_1_215' title='bbox 1008 2446 1237 2496; x_wconf 88' lang='lat' dir='ltr'>editionis</span> <span class='ocrx_word' id='word_1_216' title='bbox 1261 2447 1528 2507; x_wconf 88' lang='lat' dir='ltr'>Clavianae)</span> 
     </span>
     <span class='ocr_line' id='line_1_30' title="bbox 138 2521 1531 2586; baseline 0.001 -17"><span class='ocrx_word' id='word_1_217' title='bbox 138 2528 274 2570; x_wconf 84' lang='lat' dir='ltr'>reeta</span> <span class='ocrx_word' id='word_1_218' title='bbox 300 2521 394 2569; x_wconf 92' lang='lat' dir='ltr'>HL</span> <span class='ocrx_word' id='word_1_219' title='bbox 415 2529 491 2570; x_wconf 69' lang='lat' dir='ltr'>oet</span> <span class='ocrx_word' id='word_1_220' title='bbox 509 2521 639 2569; x_wconf 87' lang='lat' dir='ltr'>latus</span> <span class='ocrx_word' id='word_1_221' title='bbox 662 2522 895 2585; x_wconf 86' lang='lat' dir='ltr'>trianguli</span> <span class='ocrx_word' id='word_1_222' title='bbox 920 2522 1192 2586; x_wconf 88' lang='lat' dir='ltr'>aequilateri</span> <span class='ocrx_word' id='word_1_223' title='bbox 1220 2523 1444 2586; x_wconf 90' lang='lat' dir='ltr'>inscripti</span> <span class='ocrx_word' id='word_1_224' title='bbox 1479 2523 1531 2570; x_wconf 92' lang='lat' dir='ltr'>in</span> 
     </span>
     <span class='ocr_line' id='line_1_31' title="bbox 140 2594 1531 2665; baseline 0.001 -21"><span class='ocrx_word' id='word_1_225' title='bbox 140 2594 311 2644; x_wconf 83' lang='lat' dir='ltr'>eodem</span> <span class='ocrx_word' id='word_1_226' title='bbox 337 2595 538 2665; x_wconf 65' lang='lat' dir='ltr'>cifculo.</span> <span class='ocrx_word' id='word_1_227' title='bbox 609 2596 913 2645; x_wconf 88' lang='lat' dir='ltr'>Inscribatur</span> <span class='ocrx_word' id='word_1_228' title='bbox 943 2597 995 2645; x_wconf 92' lang='lat' dir='ltr'>in</span> <span class='ocrx_word' id='word_1_229' title='bbox 1027 2597 1211 2645; x_wconf 90' lang='lat' dir='ltr'>circulo</span> <span class='ocrx_word' id='word_1_230' title='bbox 1233 2603 1355 2654; x_wconf 70' lang='grc' dir='ltr'><strong><em>«ιβγδε</em></strong></span> <span class='ocrx_word' id='word_1_231' title='bbox 1379 2597 1531 2645; x_wconf 89' lang='lat' dir='ltr'>trian-</span> 
     </span>
     <span class='ocr_line' id='line_1_32' title="bbox 140 2669 1532 2735; baseline 0.002 -17"><span class='ocrx_word' id='word_1_232' title='bbox 140 2669 310 2733; x_wconf 82' lang='lat' dir='ltr'>gulum</span> <span class='ocrx_word' id='word_1_233' title='bbox 349 2670 687 2734; x_wconf 87' lang='lat' dir='ltr'>aequilaterum</span> <span class='ocrx_word' id='word_1_234' title='bbox 716 2683 805 2727; x_wconf 79' lang='grc' dir='ltr'><strong><em>«ιζη.</em></strong></span> <span class='ocrx_word' id='word_1_235' title='bbox 873 2672 981 2719; x_wconf 90' lang='lat' dir='ltr'>Erit</span> <span class='ocrx_word' id='word_1_236' title='bbox 1016 2671 1168 2735; x_wconf 87' lang='lat' dir='ltr'>igitur</span> <span class='ocrx_word' id='word_1_237' title='bbox 1197 2684 1248 2727; x_wconf 77' lang='grc' dir='ltr'>«ιζ</span> <span class='ocrx_word' id='word_1_238' title='bbox 1272 2671 1401 2721; x_wconf 89' lang='lat' dir='ltr'>latus</span> <span class='ocrx_word' id='word_1_239' title='bbox 1431 2673 1532 2721; x_wconf 90' lang='lat' dir='ltr'>ico-</span> 
     </span>
     <span class='ocr_line' id='line_1_33' title="bbox 142 2742 1230 2809; baseline 0.004 -19"><span class='ocrx_word' id='word_1_240' title='bbox 142 2742 303 2791; x_wconf 81' lang='lat' dir='ltr'>saedri</span> <span class='ocrx_word' id='word_1_241' title='bbox 324 2743 376 2791; x_wconf 89' lang='lat' dir='ltr'>in</span> <span class='ocrx_word' id='word_1_242' title='bbox 400 2744 592 2807; x_wconf 87' lang='lat' dir='ltr'>sphaera</span> <span class='ocrx_word' id='word_1_243' title='bbox 615 2746 753 2809; x_wconf 86' lang='lat' dir='ltr'>cujus</span> <span class='ocrx_word' id='word_1_244' title='bbox 777 2746 1015 2795; x_wconf 87' lang='lat' dir='ltr'>diameter</span> <span class='ocrx_word' id='word_1_245' title='bbox 1038 2755 1113 2794; x_wconf 91' lang='lat' dir='ltr'>est</span> <span class='ocrx_word' id='word_1_246' title='bbox 1135 2746 1230 2794; x_wconf 87' lang='lat' dir='ltr'>EF.</span> 
     </span>
    </p>

    <p class='ocr_par' dir='ltr' id='par_1_11' title="bbox 142 2817 1532 2957">
     <span class='ocr_line' id='line_1_34' title="bbox 209 2817 1531 2885; baseline 0.003 -20"><span class='ocrx_word' id='word_1_247' title='bbox 209 2817 580 2867; x_wconf 80' lang='lat' dir='ltr'>Osoendendum</span> <span class='ocrx_word' id='word_1_248' title='bbox 603 2829 678 2869; x_wconf 90' lang='lat' dir='ltr'>est</span> <span class='ocrx_word' id='word_1_249' title='bbox 701 2830 886 2869; x_wconf 86' lang='lat' dir='ltr'>rectam</span> <span class='ocrx_word' id='word_1_250' title='bbox 909 2834 961 2879; x_wconf 81' lang='grc' dir='ltr'>«ιζ</span> <span class='ocrx_word' id='word_1_251' title='bbox 986 2822 1223 2885; x_wconf 88' lang='lat' dir='ltr'>aequalem</span> <span class='ocrx_word' id='word_1_252' title='bbox 1246 2837 1352 2870; x_wconf 90' lang='lat' dir='ltr'>esse</span> <span class='ocrx_word' id='word_1_253' title='bbox 1372 2822 1531 2870; x_wconf 84' lang='lat' dir='ltr'>tertiae</span> 
     </span>
     <span class='ocr_line' id='line_1_35' title="bbox 142 2892 1532 2957; baseline 0.001 -15"><span class='ocrx_word' id='word_1_254' title='bbox 142 2892 272 2957; x_wconf 81' lang='lat' dir='ltr'>parti</span> <span class='ocrx_word' id='word_1_255' title='bbox 312 2894 605 2944; x_wconf 83' lang='lat' dir='ltr'>semicirculi</span> <span class='ocrx_word' id='word_1_256' title='bbox 638 2912 669 2945; x_wconf 89' lang='lat' dir='ltr'>a</span> <span class='ocrx_word' id='word_1_257' title='bbox 701 2896 1064 2946; x_wconf 88' lang='lat' dir='ltr'>semidiametro</span> <span class='ocrx_word' id='word_1_258' title='bbox 1090 2897 1185 2956; x_wconf 92' lang='lat' dir='ltr'>BF,</span> <span class='ocrx_word' id='word_1_259' title='bbox 1210 2896 1263 2944; x_wconf 93' lang='lat' dir='ltr'>id</span> <span class='ocrx_word' id='word_1_260' title='bbox 1298 2906 1375 2946; x_wconf 91' lang='lat' dir='ltr'>est</span> <span class='ocrx_word' id='word_1_261' title='bbox 1396 2896 1532 2945; x_wconf 86' lang='lat' dir='ltr'>arcui</span> 
     </span>
    </p>
   </div>
  </div>
 </body>
</html>
