1982 3204
719 273 1163 307 eccm-:summm
1532 266 1622 308 381

249 384 400 441 Atque
425 384 509 427 utri
532 383 660 427 vellet
683 382 866 427 Domino
886 383 1042 426 servire
1063 383 1242 425 duorum

308 450 478 500 Suetus,
500 450 571 492 vix
594 450 728 506 patria
748 449 840 506 lege
862 449 1071 505 regendus
1091 456 1195 496 erat,

248 514 363 559 Nam
385 515 551 571 quoties
571 515 727 572 patrias
748 515 862 573 leges
882 515 961 558 sibi
983 515 1175 572 frangere
1196 515 1331 557 visum
1352 523 1429 564 est,

306 581 526 625 Fracturae
548 582 662 638 leges
682 597 915 639 opposuere
936 580 1030 625 Dei.
1466 573 1470 576 ⁴

249 647 310 691 Et
330 648 498 704 quoties
518 647 675 691 servire
698 647 790 690 Deo
812 648 949 690 minus
969 645 1234 703 expediebat,
1458 654 1524 668 ὴ

306 713 508 757 Excussit
529 713 709 770 populus
729 713 836 756 liber
856 721 1086 769 utrumque
1103 713 1270 770 jugum.

250 779 445 823 Exitiosa
464 779 549 821 suit
568 778 698 821 nimia
717 778 798 821 ista
818 779 989 822 lieentia
1008 778 1121 835 paci:

311 845 394 889 Sed
415 844 570 902 populo
591 844 730 887 Lotus
750 844 1041 900 militibusque
1061 844 1157 886 suit.
1529 846 1635 885 1200

250 910 392 954 Prona
411 911 545 967 igitur
563 910 782 966 facilisque
803 910 888 953 suit
908 911 1083 954 victoria
1103 910 1292 960 Gotthis‚

309 977 398 1032 Qui
417 977 597 1020 Romam
617 985 766 1034 mystae
786 992 1042 1034 supposuere
1062 992 1149 1020 suo.

249 1043 437 1099 Jamque
457 1043 682 1100 potestatis
702 1042 822 1100 Papa
840 1050 952 1086 esset
971 1043 1138 1086 culmen
1159 1042 1349 1099 adeptus,

311 1108 357 1154 Si
377 1125 462 1151 non
479 1108 741 1153 Gotthorum
763 1125 839 1152 rex
860 1110 1114 1152 metuendus
1134 1116 1235 1152 erat.

251 1174 452 1231 Namque
471 1190 497 1217 a
516 1174 720 1217 Romanis
740 1175 894 1231 aquilis
915 1174 1093 1218 Oriente
1112 1175 1297 1225 remotis,

308 1240 410 1284 Non
431 1240 518 1283 ulla
537 1256 743 1298 apparens
763 1256 889 1284 causa
908 1240 1071 1284 timoris
1091 1247 1195 1283 erat.

252 1306 354 1351 Illas
374 1307 494 1350 miles
514 1322 612 1350 aves
631 1306 734 1350 fecit
754 1321 1009 1362 quacunque
1030 1306 1170 1349 volare

309 1372 482 1417 Vellet:
506 1380 606 1416 sunt
624 1380 669 1416 et
687 1388 785 1416 aves
806 1388 911 1428 quas
924 1373 1050 1429 jubet-
1069 1372 1140 1415 ille
1160 1374 1293 1415 bonae.

253 1438 356 1483 Non
376 1446 491 1483 earet
509 1438 694 1495 auspicio
715 1439 998 1494 quodeunque
1018 1438 1223 1496 inceperit
1241 1437 1325 1488 ille,

312 1505 397 1551 Cui
417 1521 501 1549 non
521 1505 668 1548 invitae
689 1505 974 1562 subjiciuntur
992 1519 1102 1548 aves.
1528 1505 1638 1544 1:210

251 1572 440 1628 Jamque
460 1573 641 1629 probans
661 1571 771 1614 vires
791 1570 922 1628 Papa,
943 1570 1280 1614 excommunicat
1299 1570 1438 1627 ipsum

310 1637 675 1694 Induperatorem,
697 1637 867 1680 nomine
889 1636 1180 1679 Anastasium.

254 1705 340 1747 Soc.
373 1702 494 1748 Cur?
536 1703 616 1746 Pr.
640 1702 935 1747 Chalcedoniae
959 1701 1120 1759 Synodi
1140 1702 1309 1745 decreta
1327 1701 1463 1745 teneri

312 1769 414 1814 Non
434 1769 550 1819 fecit,
572 1776 781 1824 quantum
804 1767 1073 1813 Catholicum
1093 1768 1249 1811 decuit.

255 1835 363 1880 Post
381 1835 496 1879 hunc
514 1835 548 1879 J
550 1835 731 1886 ustinus,
752 1842 849 1892 post
867 1834 987 1877 illum
1006 1834 1280 1878 Justinianus

312 1901 542 1960 Regnavit,
563 1901 693 1958 Papis
712 1909 757 1944 et
775 1901 971 1958 placuere
991 1900 1089 1944 suis.

258 1968 452 2024 Quorum
472 1968 541 2012 hic
561 1968 767 2026 imprimis
786 1967 971 2011 Romani
992 1966 1150 2012 Codice
1168 1966 1202 2010 J
1204 1966 1292 2010 uris

313 2034 513 2093 Insignis,
533 2034 661 2092 longo
681 2042 871 2091 tempore
884 2034 984 2090 jura
1002 2033 1144 2077 dedit:

256 2101 297 2146 F
297 2101 397 2146 oelix
416 2101 582 2145 eximiis
602 2101 799 2157 belloque
818 2108 862 2144 et
882 2115 983 2158 pace
1003 2099 1221 2150 ministris,

317 2166 511 2222 Quorum
532 2166 712 2210 virtutes
731 2165 911 2210 credidit
929 2180 1019 2209 esse
1039 2180 1146 2208 suas.
1535 2167 1643 2206 1220

260 2232 379 2277 Huic
399 2232 588 2278 Gotthos
608 2232 749 2276 Latiis
768 2232 1002 2276 Belisarius
1021 2231 1186 2289 expulit
1203 2231 1327 2282 arvis,

315 2297 594 2356 (Quanquam
615 2313 747 2342 uxore
767 2297 924 2352 minor)
943 2297 1152 2340 maximus
1171 2297 1243 2340 ille
1262 2297 1431 2340 ducum.

260 2363 521 2409 Pontificum
540 2363 673 2422 pulsis
691 2363 851 2407 effulsit
869 2363 1005 2420 gloria
1024 2362 1224 2407 Gotthis:

320 2429 411 2475 Sub
430 2430 535 2474 eoelo
554 2445 696 2474 rerum
716 2429 903 2473 maxima
924 2430 1042 2487 Papa
1060 2429 1158 2472 fuit.

264 2494 438 2541 Cedunt
455 2511 572 2540 arma
589 2496 738 2548 mitrae,
760 2495 968 2540 concessit
986 2495 1207 2553 episeopus
1226 2494 1384 2539 omnis:

320 2561 418 2604 Etsi
437 2561 616 2619 quisque
636 2562 715 2606 sibi
730 2562 803 2619 jus
822 2562 1020 2619 cupiebat-
1039 2561 1165 2605 idem.

265 2627 416 2677 Gessit,
436 2626 508 2670 sed
529 2627 660 2679 tarde,
682 2627 1189 2685 constantinopolitanus,

323 2692 506 2749 AEquali
524 2708 767 2750 quanquam
786 2694 941 2752 dignus
959 2693 1118 2738 honore
1137 2693 1232 2736 fuit.

266 2758 505 2803 Leviathan
524 2759 708 2811 mribus,
728 2759 1052 2817 Behemothque
1081 2765 1297 2816 receperat
1315 2758 1485 2801 hamum
1504 2774 1514 2799 :

326 2825 387 2868 Et
406 2824 503 2869 Rex
521 2832 567 2869 et
588 2825 780 2883 Populus
798 2841 945 2870 servus
963 2833 1145 2882 uterque
1165 2825 1261 2868 fuit.
1536 2826 1644 2866 1230

267 2893 352 2935 800.
376 2890 579 2950 Amplius
598 2906 700 2949 ergo
718 2891 825 2935 nihil
846 2892 975 2950 Papae
995 2893 1183 2936 restabat
1199 2890 1424 2948 agendum,
