1982 3204
488 265 735 306 Αιιαυοτ
762 246 1119 301 Gneus-rium
1148 267 1264 302 n‘rc.
1467 259 1563 303 209

178 377 412 442 praeditus
443 378 738 426 testudinem
780 393 926 426 cursu
955 393 1055 425 non
1090 378 1305 441 potuisse
1343 381 1564 442 assequi:

179 452 264 501 sed
287 452 381 501 hoc
420 461 627 512 tantum,
652 454 869 517 potuisse
907 453 968 512 (si
1004 453 1243 513 libuisset)
1281 454 1428 501 etiam
1466 471 1564 503 non

177 528 385 591 assequi.
455 529 744 592 Exemplum
767 544 883 592 ergo
901 528 1215 592 paralogismi
1239 528 1441 576 Zenonii
1462 546 1565 578 non

178 602 355 666 probat
380 603 846 652 demonstrationem
871 619 975 652 esse
998 619 1139 667 posse
1164 603 1224 651 de
1255 619 1308 651 re
1334 620 1442 667 quae
1466 620 1564 652 non

177 677 242 726 sit
264 677 597 742 intelligibilis.

245 752 439 817 Pergit:
475 753 800 802 Scientiarum
820 752 1137 801 humanarum
1153 754 1353 801 omnium
1358 753 1507 817 facil
1528 753 1565 811 i-

176 843 278 887 moe,
302 827 692 886 evidentis-sim,
716 827 1318 891 comprehensibilissimoe,
1342 836 1455 876 sunt
1470 845 1512 893 p
1540 847 1565 865 ’-

177 918 252 950 roe
275 909 326 951 et
354 903 731 968 simplicis-sim
766 903 1140 952 mathematieoe.
1209 903 1272 951 In
1291 904 1566 969 geometria

176 985 337 1027 tamen
359 985 408 1027 et
430 978 744 1027 arithmetica
760 985 879 1042 quot
901 985 1012 1026 sunt
1028 979 1567 1044 propositione-§firmi-

175 1060 256 1102 ter
293 1054 661 1111 demwstratoe,
686 1070 785 1117 quoe
823 1060 935 1101 sunt
972 1060 1132 1102 tamen
1170 1053 1563 1119 ineaplieabiles,

173 1128 541 1194 incogitabiles,
575 1128 1129 1192 incomprehensibiles?
1197 1129 1447 1193 Exempla
1472 1130 1564 1177 atl-

175 1203 347 1252 ducam
360 1220 548 1269 pauca,
571 1210 661 1252 ete.
722 1204 900 1252 Nonne
925 1212 1041 1252 sunt
1063 1205 1276 1253 absurda
1297 1205 1435 1253 baec?
1485 1206 1563 1253 An

175 1278 510 1328 demonstrare
534 1279 725 1327 dicetur
748 1279 1021 1338 veritatem,
1047 1280 1140 1327 nisi
1172 1280 1305 1328 illam
1337 1281 1488 1329 faciat
1510 1290 1566 1330 ut

173 1362 407 1418 appareat
452 1362 503 1403 et
547 1354 877 1417 intelligatur?
949 1354 1047 1403 Qui
1095 1356 1243 1404 sciam
1285 1372 1455 1404 verum
1501 1373 1571 1404 an

173 1431 350 1480 falsum
395 1433 475 1491 sit,
516 1431 647 1496 quod
686 1432 851 1480 animo
889 1433 1146 1496 imaginari
1191 1450 1291 1482 non
1336 1435 1564 1498 possum?

176 1507 274 1556 Sed
304 1508 522 1572 legamus
561 1508 782 1571 exempla
820 1524 925 1571 quae
963 1509 1338 1572 subjuncturum
1375 1525 1426 1558 se
1458 1526 1565 1558 esse

175 1582 321 1632 dicit:

242 1673 279 1707 1.
319 1658 465 1715 Quod
488 1659 728 1706 minimum
759 1659 976 1722 spatia-m
1009 1660 1340 1725 conceptibile
1372 1660 1566 1724 (equale

173 1749 282 1781 esee
310 1739 482 1798 potest
516 1734 683 1798 spatio
713 1732 875 1780 altero
910 1749 1060 1799 super
1087 1735 1291 1783 eandem
1319 1734 1482 1782 basem
1513 1740 1564 1781 et

173 1808 387 1871 ejusdem
410 1807 713 1867 altitudinis,
738 1809 875 1870 cujus
902 1807 1063 1858 latera
1079 1816 1350 1874 protracta
1356 1809 1564 1874 suerint

174 1883 226 1932 in
246 1883 499 1947 infinitum.

240 1959 699 2022 Parallelogramma
735 1958 932 2022 quidem
972 1966 1023 2008 et
1065 1960 1311 2024 triangula
1343 1960 1563 2024 ejusdem

174 2033 447 2083 altitudinis
494 2050 641 2098 super
686 2034 892 2082 eandem
936 2034 1105 2083 basem
1142 2036 1307 2084 omnia
1342 2036 1472 2084 inter
1511 2051 1563 2083 se

173 2109 379 2173 aqualia
413 2125 535 2168 esse,
570 2110 754 2158 nemini
788 2125 888 2158 non
921 2110 1225 2174 intelligibile
1253 2119 1342 2160 est.
1415 2112 1564 2161 Quod

172 2183 326 2244 addit,
351 2186 490 2248 eujus
519 2184 686 2233 latera
704 2185 1079 2250 protrahuntur
1111 2186 1161 2234 in
1191 2186 1445 2250 irfinitum,
1477 2188 1564 2236 ab-

173 2258 374 2308 surdum
419 2268 511 2309 est.
581 2260 720 2308 Sicut
760 2261 892 2309 enim
939 2277 1191 2310 scamnum
1236 2278 1337 2310 non
1384 2262 1563 2311 dicitur

173 2343 435 2399 antequam
453 2336 737 2400 perficiatur
757 2354 770 2383 ι
794 2337 865 2384 ita
883 2352 1041 2401 neque
1066 2337 1277 2400 spatium
1301 2345 1563 2401 antequam

173 2409 387 2459 finiatur.
458 2410 607 2460 Quod
643 2419 809 2459 autem
852 2411 1109 2479 infinitum¹
1138 2419 1228 2471 est,
1260 2428 1359 2460 non
1395 2414 1563 2461 finitur

173 2499 331 2548 neque
353 2485 482 2535 finiri
504 2494 684 2551 potest.
754 2486 882 2535 Nam
910 2486 1055 2551 plane
1080 2487 1377 2551 impossibile
1402 2497 1453 2536 et
1476 2489 1562 2536 ab-

174 2558 377 2608 surdum
415 2568 507 2620 est,
546 2577 639 2610 nec
675 2577 737 2610 ex
772 2562 1059 2611 Torricellio
1100 2563 1335 2627 sequitur,
1366 2564 1562 2612 finitum

174 2634 368 2684 infinito
389 2636 574 2700 aequale
596 2652 717 2686 esse.

243 2724 302 2758 11.
350 2709 565 2759 Finitum
603 2712 794 2775 infinito
837 2714 998 2777 majus
1042 2730 1148 2761 esse
1185 2720 1369 2778 potest.
1440 2713 1562 2762 Quis

173 2784 334 2832 dixit?
405 2785 502 2833 Ubi
523 2786 734 2850 legerit?
801 2789 976 2836 Tacet:
1002 2805 1117 2837 nam
1140 2789 1403 2836 absurdum
1428 2796 1515 2835 est.

243 2873 330 2907 111.
369 2859 515 2916 Quod
545 2877 707 2911 omnes
747 2863 926 2929 anguli
965 2870 1221 2912 contaetus
1266 2862 1559 2920 circulares,

307 2948 431 2983 vol„
458 2950 509 2984 v.
1399 2953 1429 2985 P

1615 397 1706 423 cAP.
1727 397 1799 423 xn.

1617 441 1809 462 s--f-—ae

1626 484 1669 513 De
1682 483 1813 512 fallacius.
