1982 3204
497 278 570 312 An
596 248 849 311 mansu
875 275 1313 310 Maoi‘rAronsss.
1492 268 1583 311 261

216 388 506 453 percipitur:
542 388 664 437 adeo
692 396 747 437 ut
775 404 885 436 cum
908 387 1017 435 volo
1041 394 1090 435 et
1113 387 1279 444 time0‚
1304 387 1418 450 quia
1450 387 1592 437 simul
1634 407 1826 435 omne-no

217 465 434 528 percipio
470 480 548 512 me
579 464 702 512 velle
737 473 788 512 et
822 464 1009 521 timere,
1033 462 1137 526 ipsa
1163 461 1330 510 volitio
1362 471 1413 510 et
1446 464 1593 512 timor

218 539 348 587 inter
379 540 510 588 ideas
534 557 564 588 a
592 556 669 587 me
703 546 1032 587 numerentur.
1103 537 1330 600 Ususque
1361 553 1468 585 sum
1499 538 1592 587 hoc

217 615 430 671 nomine,
468 616 581 679 quia
615 617 718 678 jam
757 615 927 663 tritum
967 621 1071 661 erat
1109 629 1139 660 a
1177 612 1593 675 philosophis-ad

217 689 400 738 formas
430 691 797 754 perceptionum
827 689 1003 737 mentis
1035 688 1207 736 divinae
1235 687 1592 751 significandas,

219 766 440 828 quamvis
474 765 656 813 nullam
690 765 740 812 111
769 765 872 812 Deo
907 764 1212 828 phantasiam
1245 780 1593 827 agnoscamus:

219 848 270 888 et
298 840 481 888 nullum
517 840 678 903 aptius
709 840 963 887 habebam.
1034 839 1160 887 Satis
1188 846 1351 887 autem
1375 847 1493 903 puto
1517 855 1594 887 me

220 915 507 979 explicuisse
530 914 689 962 ideam
713 915 804 962 Dei
827 930 916 978 pro
941 914 1000 962 iis
1023 915 1107 978 qui
1130 914 1192 962 ad
1215 930 1378 962 meum
1401 930 1595 963 sensum

218 991 389 1039 volunt
412 990 686 1039 attendere:
712 989 798 1038 sed
819 1006 909 1053 pro
927 990 987 1037 iis
1006 991 1088 1053 qui
1111 1006 1220 1038 mea
1237 991 1387 1038 verba
1409 990 1597 1038 malunt

219 1065 360 1114 aliter
382 1081 527 1128 quam
551 1081 641 1129 ego
665 1065 952 1128 intelligere,
976 1082 1225 1129 nunquam
1247 1081 1439 1129 possem
1463 1066 1596 1114 satis.

221 1140 371 1190 Quod
393 1140 600 1203 denique
634 1140 714 1188 hic
737 1140 874 1188 addit
893 1140 955 1189 de
978 1140 1147 1189 mundi
1171 1141 1433 1197 creatione,
1451 1141 1598 1205 plane

219 1224 297 1264 est
313 1232 344 1264 a
366 1216 636 1280 quaestione
658 1216 884 1264 alienum.

724 1362 991 1397 OBJECTIO
1017 1363 1093 1397 VI.

220 1463 350 1513 Aliae
383 1480 497 1511 vero
535 1464 896 1527 (cogitationes)
932 1463 1063 1511 alias
1094 1464 1330 1528 quasdam
1351 1470 1602 1528 proeterea

267 1541 475 1605 formas
514 1539 715 1588 habent:
760 1545 814 1586 ut
853 1555 958 1587 cum
999 1538 1120 1598 volo,
1154 1556 1259 1587 cum
1300 1539 1459 1598 timec,
1494 1556 1601 1588 cum

287 1616 492 1678 affirmO,
516 1632 622 1663 cum
644 1631 789 1680 nego,
821 1631 1014 1680 semper
1047 1615 1243 1679 quidem
1266 1615 1477 1679 aliquam
1502 1631 1603 1663 rem

286 1698 342 1739 ut
358 1691 623 1754 subjectum
647 1708 765 1738 meoe
785 1690 1107 1755 cogitationi-s·
1122 1690 1456 1756 apprehendo.
1501 1691 1608 1740 Sed

287 1766 489 1832 aliquid
508 1766 657 1814 etiam
681 1765 894 1830 amplius
918 1782 1059 1829 quam
1084 1766 1228 1814 istius
1262 1767 1339 1815 rei
1372 1764 1603 1815 similitu-

288 1842 452 1891 dine-m
491 1842 798 1907 cogitatione
832 1841 1159 1907 complector:
1199 1849 1250 1891 et
1283 1859 1346 1890 ex
1379 1842 1459 1890 his
1489 1841 1603 1891 aliae

285 1917 573 1976 voluntates,
620 1917 731 1965 alioe
775 1917 998 1980 affectus,
1044 1917 1163 1966 alioe
1207 1924 1368 1966 autem
1400 1917 1604 1981 judicia

288 1992 627 2058 offellantar.

289 2110 413 2159 Cum
438 2109 546 2173 quis
569 2109 674 2157 vult
689 2108 765 2156 vel
788 2108 944 2165 timet,
962 2108 1109 2156 habet
1123 2108 1319 2172 quidem
1341 2108 1604 2173 imaginem

222 2185 295 2235 rei
331 2201 478 2250 quam
513 2185 652 2232 timet
689 2193 740 2232 et
777 2183 982 2232 actionis
1018 2199 1164 2248 quam
1199 2184 1325 2232 vult:
1364 2184 1451 2232 sed
1485 2183 1604 2248 quid

223 2260 428 2325 amplius
450 2259 618 2308 volens
640 2259 717 2307 vel
741 2260 919 2307 timens
943 2259 1242 2323 cogitatione
1276 2260 1602 2324 amplectitur,

224 2351 326 2384 11011
355 2335 639 2399 explicatur.
710 2335 775 2382 Et
812 2334 1049 2399 siquidem
1080 2335 1230 2384 timor
1262 2337 1325 2384 sit
1354 2335 1602 2399 cogitatio,

224 2425 326 2459 11011
345 2411 487 2459 video
510 2427 606 2475 quo
625 2410 770 2459 modo
792 2419 955 2475 potest
971 2427 1074 2459 aese
1091 2411 1186 2459 alia
1205 2427 1351 2475 quam
1370 2411 1604 2475 cogitatio

226 2485 300 2534 rei
332 2501 477 2549 quam
508 2486 616 2550 quis
649 2487 804 2534 timet.
876 2486 1009 2535 Quid
1043 2487 1173 2535 enim
1203 2495 1279 2535 est
1310 2488 1458 2536 timor
1480 2488 1604 2535 irru-

226 2561 356 2608 entis
389 2561 557 2619 leonis,
581 2561 714 2609 aliud
746 2577 891 2625 quam
928 2562 1039 2610 idea
1074 2562 1303 2610 irruentis
1342 2562 1513 2620 leoniS,
1554 2569 1605 2610 et

229 2635 429 2683 effectus
445 2652 588 2699 quem
607 2637 717 2685 talis
731 2637 841 2685 idea
854 2644 1057 2701 generat
1071 2637 1121 2685 in
1140 2637 1302 2695 corde,
1317 2654 1413 2701 quo
1426 2638 1603 2685 timens

228 2709 478 2758 inducitur
493 2710 557 2759 ad
578 2719 766 2760 motum
783 2712 1043 2760 animalem
1059 2712 1196 2759 illum
1213 2728 1358 2775 quem
1374 2728 1603 2760 vocamus

229 2783 427 2848 fugam?
493 2785 603 2834 Jam
635 2794 796 2835 motus
826 2787 908 2835 hic
941 2787 1071 2851 fugae
1101 2802 1202 2835 11011
1238 2795 1314 2835 est
1353 2786 1602 2850 cogitatio.

233 2860 397 2909 Quare
419 2869 638 2910 remanet
658 2877 758 2911 non
781 2878 887 2911 esse
911 2862 965 2911 in
989 2862 1165 2910 timore
1186 2862 1331 2910 aliam
1348 2861 1604 2924 cogitatio-

1714 462 1754 488 V.

1642 507 1833 531 *qd
