1982 3204
131 385 323 412 OBJECTIO

202 439 256 466 VI.

377 249 472 292 262
872 261 1246 296 oBJEc'rIONES

378 386 491 418 nem
514 378 692 434 praeter
722 372 855 421 illam
880 390 987 436 quae
1012 375 1234 422 consistit
1257 374 1307 421 in
1331 374 1646 422 similitudine
1669 375 1755 424 rei.

377 445 514 494 Idem
538 446 633 494 dici
655 456 820 510 posset
845 448 904 496 de
928 449 1193 497 voluntate.

443 522 685 571 Praeterea
704 524 958 572 affirmatio
979 532 1028 572 et
1047 525 1245 588 negatio
1263 541 1361 573 non
1381 532 1494 573 sunt
1512 525 1616 572 sine
1636 541 1756 573 voce

377 604 428 646 et
444 598 862 661 appellationibus.
900 600 976 647 Ita
994 608 1047 647 ut
1066 601 1331 648 animantia
1353 601 1499 648 bruta
1521 617 1619 648 non
1643 617 1756 663 pos-

377 680 489 720 sunt
508 673 747 721 affirmare
766 690 921 737 neque
936 691 1130 737 negare,
1146 692 1206 723 ne
1223 676 1517 738 cogitatione
1533 675 1756 739 quidem:

375 747 582 811 ideoque
605 764 760 812 neque
780 749 1014 812 judicare.
1073 751 1305 798 Attamen
1331 751 1563 813 cogitatio
1588 750 1757 798 similis

375 831 536 886 potest
571 840 674 871 esse
708 825 759 872 in
794 825 991 873 homine
1021 833 1071 873 et
1104 826 1274 874 bestia.
1345 826 1472 873 Nam
1498 841 1609 873 cum
1632 826 1756 873 affir-

375 916 562 947 mamus
585 900 831 948 hominem
850 917 1060 960 currere,
1076 918 1175 950 non
1198 902 1431 949 habemus
1454 902 1599 949 aliam
1623 901 1756 963 cogi-

375 975 609 1023 tationem
633 977 693 1023 ab
718 992 775 1023 ea
799 993 944 1039 quam
966 977 1115 1025 habet
1138 978 1271 1024 canis
1289 977 1457 1024 videns
1476 984 1757 1024 currentem

376 1049 626 1098 dominum
650 1067 806 1099 suum.
875 1051 1012 1099 Nihil
1047 1052 1199 1115 igitur
1226 1052 1363 1100 addit
1397 1053 1654 1100 affirmatio
1678 1051 1758 1100 vel

376 1126 575 1188 negatio
600 1126 978 1188 cogitationibus
1010 1127 1322 1190 simplicibus,
1346 1127 1439 1174 nisi
1465 1127 1592 1175 forte
1626 1127 1756 1190 cogi-

375 1201 612 1248 tationem
631 1201 763 1264 quod
785 1201 983 1249 nomina
1001 1218 1061 1249 ex
1081 1203 1255 1265 quibus
1271 1210 1462 1250 constat
1481 1203 1756 1260 affirmatio,

377 1276 474 1323 sint
507 1277 706 1324 nomina
740 1276 956 1338 ejusdem
980 1277 1051 1324 rei
1074 1277 1125 1324 in
1152 1278 1455 1325 affirmante:
1492 1277 1622 1340 quod
1655 1294 1754 1325 non

376 1360 451 1398 est
474 1351 732 1412 complecti
757 1350 1054 1413 cogitatione
1085 1351 1341 1414 plusquam
1376 1352 1447 1400 rei
1479 1352 1755 1400 similitudi-

374 1441 502 1485 nem,
529 1425 613 1474 sed
637 1426 841 1474 eandem
865 1426 1231 1475 similitudinem
1254 1427 1343 1475 bis.

902 1575 1225 1610 RESPONSIO.

441 1645 532 1692 Per
568 1660 619 1692 se
655 1653 828 1693 notum
864 1654 951 1705 est,
990 1646 1123 1694 aliud
1155 1662 1258 1694 esse
1289 1646 1454 1694 videre
1484 1646 1675 1695 leonem
1707 1655 1758 1696 et

376 1720 517 1767 simul
535 1720 671 1768 illum
686 1721 874 1779 timere,
891 1738 1037 1785 quam
1052 1730 1245 1770 tantum
1262 1723 1398 1770 illum
1412 1723 1577 1771 videre
1592 1742 1603 1770 ε
1621 1723 1756 1782 item,

375 1796 508 1843 aliud
541 1813 643 1844 esse
675 1796 841 1844 videre
875 1797 1122 1846 hominem
1155 1805 1447 1856 currentem,
1482 1815 1628 1862 quam
1665 1799 1757 1847 sibi

375 1871 469 1934 ipsi
503 1872 742 1919 affirmare
778 1888 827 1919 se
855 1872 993 1920 illum
1023 1873 1202 1932 videre,
1228 1874 1360 1937 quod
1393 1875 1450 1921 fit
1485 1874 1589 1921 sine
1618 1890 1753 1922 voce.

375 1945 609 2010 Nihilque
632 1947 712 1994 hic
736 1947 1072 1996 animadverto
1098 1948 1230 2012 quod
1257 1956 1398 2013 egeat
1426 1949 1756 2012 responsione.

870 2077 1135 2112 OBJECTIO
1162 2079 1262 2113 vll.

376 2155 616 2219 Superest
649 2162 703 2203 ut
737 2156 1001 2204 examinem
1030 2174 1124 2220 qua
1154 2159 1350 2206 ratione
1374 2158 1530 2206 ideam
1555 2158 1701 2205 istam
1724 2174 1758 2205 a

441 2230 553 2278 Deo
577 2232 764 2295 accepi.
834 2231 1009 2296 Neque
1030 2233 1156 2281 enim
1187 2234 1326 2282 illam
1348 2233 1570 2282 sensibus
1594 2233 1756 2292 hausi,

442 2323 530 2354 nec
574 2323 784 2370 unquam
829 2323 920 2354 uon
963 2309 1248 2372 expectanti
1294 2308 1408 2357 mihi
1448 2308 1662 2368 advenit,
1703 2316 1758 2358 ut

443 2381 602 2429 solent
625 2397 791 2429 rerum
814 2382 1120 2430 sensibilium
1146 2383 1271 2431 ideae
1295 2400 1401 2431 eum
1426 2384 1548 2448 ipsce
1565 2399 1648 2431 res
1671 2401 1757 2432 ex·-

444 2456 599 2505 ternis
623 2473 845 2504 sensuum
865 2458 1075 2522 organis
1099 2465 1371 2518 occurrunt,
1396 2459 1476 2507 vel
1497 2475 1759 2508 occurrere

442 2532 693 2580 videntur:
717 2548 804 2580 nee
826 2532 975 2580 etiam
990 2549 1022 2580 a
1037 2550 1111 2581 me
1133 2534 1290 2596 efficta
1313 2541 1403 2592 est,
1421 2551 1531 2582 nam
1554 2535 1680 2583 nihil
1694 2534 1757 2583 ab

442 2624 502 2656 ea
533 2606 811 2666 detrahere,
836 2606 962 2655 nihil
989 2607 1067 2655 illi
1097 2609 1440 2673 superaddere
1463 2610 1621 2674 plane
1640 2626 1758 2675 poe-

443 2699 561 2731 sum.
632 2681 706 2730 Ae
737 2681 950 2746 proinde
985 2690 1213 2748 superest
1246 2691 1300 2732 ut
1332 2685 1448 2732 mihi
1475 2685 1545 2733 sit
1569 2686 1757 2743 innata,

443 2757 838 2824 quemadmodum
862 2758 980 2806 mihi
1003 2765 1078 2806 est
1100 2759 1272 2807 innata
1298 2760 1409 2808 idea
1433 2761 1527 2809 mei
1550 2761 1723 2826 ipsius.

446 2851 496 2900 Si
519 2866 618 2900 non
637 2850 781 2899 detur
794 2850 885 2899 Dei
908 2850 1032 2910 idea,
1047 2851 1163 2911 (non
1183 2859 1347 2900 autem
1365 2853 1599 2916 probatur
1617 2839 1756 2916 dari),
