1982 3204
175 426 288 452 PROP.
309 426 348 453 V.

414 287 478 330 68
615 296 912 331 noc'rmNAE
938 295 1300 330 WALmsrANAE
1329 296 1401 330 DE
1428 297 1588 333 Mo‘rU

414 406 560 472 dupli
581 407 654 455 ad
670 407 913 473 simplum,
942 406 1192 455 videretur
1214 406 1399 470 aliquid
1421 423 1451 456 a
1475 423 1553 456 me
1577 406 1805 456 didicisse

413 499 560 547 quem
585 483 935 546 contempsisse
959 480 1114 528 videri
1137 481 1306 529 voluit.

478 558 640 607 Etiam
663 559 724 606 ab
749 574 806 606 eo
831 557 962 621 quod
982 557 1106 604 ratio
1122 557 1413 620 aequalitatis
1437 574 1537 606 non
1560 566 1634 607 est
1651 574 1804 622 quan-

413 634 546 693 titas,
572 633 818 698 dependet
841 633 1026 695 quinta,
1051 647 1198 694 quam
1239 632 1320 681 ille
1351 634 1530 696 probat
1552 650 1583 682 a
1615 641 1805 698 quarta,

415 725 562 773 quam
585 726 685 758 non
710 709 1148 757 demonstraverat.

887 907 1220 942 PROPOSITIO
1246 909 1322 943 Vl.

486 1011 606 1068 Quoe
639 1028 701 1059 cx
732 1010 1007 1074 reciprocis
1030 1009 1307 1059 rationibus
1332 1011 1635 1076 componitur
1656 1010 1805 1070 ratio,

414 1094 491 1136 est
515 1088 647 1135 ratio
671 1085 996 1151 (equalitatis,
1067 1086 1141 1133 Et
1164 1094 1354 1147 contra,
1390 1086 1700 1151 oequalitatis
1722 1102 1805 1135 ra-

415 1163 485 1210 tio
509 1180 571 1210 ex
593 1162 869 1226 reciprocis
894 1161 1216 1226 componitur.

480 1238 658 1286 Nescio
683 1253 779 1300 quo
804 1237 1007 1284 authore
1031 1237 1273 1285 rationem
1296 1236 1540 1285 inversam
1563 1245 1708 1286 vocat
1731 1253 1804 1286 re·

412 1313 674 1377 ciprocam.
744 1312 818 1360 De
862 1312 1134 1360 rationibus
1179 1313 1383 1361 inversis
1420 1328 1537 1361 vera
1581 1319 1682 1361 est:
1717 1313 1806 1362 sed

412 1405 511 1436 non
535 1389 595 1436 ab
620 1388 702 1435 illo
728 1387 1078 1436 demonstrata.
1149 1391 1179 1413 ‘⁸
1197 1388 1475 1452 Sequitur,”
1497 1389 1674 1452 inquit,
1692 1394 1724 1415 “
1742 1406 1804 1438 ex

413 1463 673 1511 secunda.”
742 1463 810 1511 At
850 1463 1131 1522 secundam,
1154 1471 1212 1512 ut
1252 1479 1400 1527 supra
1431 1471 1681 1512 ostensum
1712 1472 1802 1524 est,

410 1555 511 1587 non
549 1539 985 1587 demonstraverat.
1055 1539 1246 1587 Deinde
1292 1539 1446 1599 addit,
1490 1540 1717 1604 “quippe
1762 1540 1805 1588 si

411 1615 538 1663 ratio
563 1615 608 1663 A
632 1615 696 1663 ad
720 1615 761 1662 E
789 1631 901 1663 cum
925 1615 1145 1678 ejusdem
1173 1615 1427 1679 reciproca
1449 1616 1489 1663 E
1514 1615 1578 1663 ad
1601 1615 1647 1664 A
1670 1632 1805 1664 com-

409 1698 648 1753 ponatur3
683 1691 900 1754 prodibit
923 1691 1052 1739 ratio
1073 1691 1157 1738 ΑΕ
1176 1690 1240 1738 ad
1258 1691 1373 1739 EA:
1411 1706 1522 1755 quae
1545 1699 1621 1739 est
1644 1707 1806 1756 aequa-

409 1766 608 1815 litatis.”
679 1767 777 1815 Sed
812 1767 919 1816 haec
956 1774 1031 1815 est
1063 1766 1335 1831 propositio
1376 1766 1497 1831 ipsa,
1541 1783 1652 1832 quae
1697 1776 1804 1816 erat

409 1841 806 1890 demonstranda.
895 1842 1069 1906 Itaque
1114 1841 1245 1890 idem
1298 1857 1386 1905 per
1430 1841 1563 1889 idem
1606 1842 1802 1905 probat.

410 1916 602 1965 Falsum
643 1917 790 1965 etiam
824 1925 914 1976 est,
952 1917 1197 1965 rationem
1221 1918 1267 1965 A
1291 1916 1355 1965 ad
1384 1917 1441 1976 E,
1480 1917 1803 1981 compositam

410 2007 522 2039 cum
546 1992 735 2041 ratione
758 1994 798 2040 E
823 1993 886 2041 ad
912 1993 970 2051 A,
993 1993 1157 2041 facere
1180 1993 1338 2057 ipsam
1362 1993 1605 2042 rationem
1627 1993 1715 2041 AE
1738 1993 1804 2043 ad

410 2066 528 2114 EA:
566 2067 652 2115 sed
689 2075 883 2116 tantum
914 2068 1167 2132 aequalem.
1240 2068 1376 2117 Facit
1409 2068 1541 2117 enim
1561 2069 1802 2118 rationem

410 2142 455 2189 A
479 2142 542 2190 ad
565 2143 640 2190 A:
676 2152 733 2192 ut
769 2144 1082 2193 manifestum
1117 2150 1191 2192 est
1220 2160 1281 2192 ex
1314 2144 1561 2193 rationum
1584 2144 1803 2208 ipsarum

411 2218 727 2281 expositione,
752 2220 811 2278 A,
836 2221 891 2278 E,
917 2220 976 2268 A.
1047 2219 1147 2268 Ubi
1169 2219 1305 2268 vides
1338 2220 1580 2268 rationem
1605 2236 1801 2284 compo-

412 2292 555 2341 sitam
593 2310 652 2343 ex
692 2295 963 2344 rationibus
997 2296 1043 2344 A
1077 2295 1139 2344 ad
1168 2296 1209 2343 E
1241 2303 1292 2344 et
1318 2296 1359 2343 E
1383 2295 1448 2344 ad
1470 2296 1531 2354 A,
1555 2311 1660 2344 esse
1701 2297 1801 2360 pri-

411 2368 565 2416 mario
605 2371 846 2419 rationem
880 2372 926 2419 A
950 2371 1014 2420 ad
1041 2372 1102 2431 A,
1134 2387 1234 2419 non
1265 2379 1427 2420 autem
1467 2371 1553 2419 ΑΕ
1595 2371 1659 2420 ad
1695 2372 1799 2432 EA,

411 2443 504 2491 nisi
529 2446 815 2495 secundario
836 2455 885 2496 et
908 2463 996 2511 per
1019 2463 1340 2511 consequens.

479 2520 622 2568 Unde
668 2537 784 2585 ergo
835 2532 998 2572 certus
1044 2531 1151 2572 erat
1190 2523 1438 2572 Wallisius
1483 2522 1545 2571 de
1590 2523 1799 2572 veritate

412 2610 512 2643 suae
536 2597 914 2659 propositionis?
983 2599 1363 2648 Demonstratur
1392 2614 1422 2646 a
1452 2613 1547 2656 me,
1572 2597 1698 2646 libro
1724 2613 1796 2647 nn

414 2683 686 2729 columna,
729 2689 832 2736 cap.
859 2674 961 2731 xiii,
999 2683 1093 2723 art.
1125 2681 1183 2723 13
1221 2680 1271 2722 et
1313 2679 1397 2722 15:
1433 2689 1579 2736 quem
1618 2674 1799 2723 librum

412 2746 802 2809 reprehendendi
827 2749 990 2798 studio
1022 2749 1394 2813 diligentissime
1418 2747 1621 2812 legerat.
1665 2749 1799 2799 Arti-

412 2822 522 2869 culo
567 2828 622 2870 13
657 2822 1000 2883 demonstravi,
1043 2825 1176 2889 quod
1217 2824 1258 2872 si
1293 2823 1478 2872 fuerint
1514 2831 1613 2873 tres
1654 2824 1798 2875 lineae

410 2914 714 2961 quaecunque
745 2900 848 2958 AB,
880 2901 979 2960 AC,
1010 2901 1116 2960 AD,
1155 2900 1367 2950 rationes
1404 2899 1491 2948 AB
1519 2899 1581 2949 ad
1616 2900 1722 2961 AC,
1747 2909 1799 2950 et
