1982 3204
389 283 481 327 138
792 293 905 328 Lux
931 293 1354 328 MATHEMATICA.

93 423 360 450 conmnovssn-
379 404 551 453 eadem
577 412 652 453 est
671 421 814 469 quam
846 412 902 454 12
924 405 1057 454 sinus
1082 404 1271 452 dimidii
1295 420 1436 452 arcus
1456 403 1544 452 ΒΙι.
1614 405 1776 470 Major

147 477 212 502 SIA
232 478 304 503 ΧΠ.

132 522 138 532 .
315 523 322 533 ,
379 496 573 544 quoque
599 497 746 544 quam
770 487 832 530 24
859 482 993 529 sinus
1019 488 1205 544 quartae
1228 481 1382 544 partis
1405 496 1547 528 arcus
1571 481 1689 530 BG:
1725 489 1777 531 et

377 557 536 619 major
561 573 709 620 quam
732 563 796 605 48
823 557 957 605 sinus
980 556 1134 620 partis
1155 564 1342 604 octavae
1361 572 1504 604 arcus
1530 556 1630 605 BG.
1702 557 1776 605 Si-

377 633 575 691 militer,
601 633 641 681 si
664 633 944 681 biseeentur
961 639 1124 696 partes
1148 632 1379 695 aliquotae
1398 647 1539 680 arcus
1555 632 1641 681 BG
1657 648 1773 695 quo-

377 708 470 756 ties
494 708 599 755 fieri
622 717 802 771 potest,
823 709 894 756 ita
911 716 966 756 ut
991 709 1121 756 inter
1143 715 1382 771 punctum
1408 708 1447 755 B
1471 714 1521 755 et
1539 707 1776 756 chordam

379 784 530 847 ipsius
556 783 833 831 differentia
855 783 990 831 nulla
1013 783 1101 831 sit:
1137 783 1284 831 toties
1320 783 1647 846 multiplicata
1682 782 1775 831 mi-

376 860 526 917 nima,
575 867 770 922 sumpta
808 868 863 908 ut
909 875 1009 907 una
1046 866 1198 915 recta,
1243 859 1588 906 terminabitur
1625 858 1678 906 in
1715 858 1773 906 L.

379 934 527 983 Quod
568 935 609 982 si
650 934 857 993 dicatur,
900 934 1035 982 nulla
1073 934 1345 982 biseetione
1387 934 1494 982 fieri
1529 949 1672 998 posse
1716 940 1776 982 ut

379 1009 564 1058 chorda
587 1018 636 1058 et
672 1009 823 1073 ipsius
854 1026 995 1058 arcus
1028 1010 1127 1058 sint
1161 1010 1388 1073 aequales,
1415 1010 1502 1058 sed
1538 1011 1775 1072 majorem

378 1101 570 1149 semper
592 1085 697 1133 fore
721 1102 888 1133 areum
919 1101 1066 1149 quam
1100 1085 1285 1133 chorda
1309 1086 1442 1148 ejus:
1479 1093 1597 1133 tune
1630 1101 1774 1134 arcus

378 1169 512 1209 totus
552 1177 654 1208 non
685 1168 758 1208 est
794 1160 1009 1208 bisectus
1041 1161 1187 1209 toties
1220 1161 1413 1223 quoties
1447 1160 1554 1208 fieri
1590 1168 1773 1224 potest.

380 1235 527 1285 Quod
552 1244 626 1283 est
650 1243 822 1283 contra
844 1237 1162 1299 suppositum.
1231 1237 1321 1284 Est
1352 1252 1470 1299 ergo
1506 1243 1641 1284 recta
1673 1236 1772 1295 BL,

378 1328 488 1375 quae
513 1311 822 1375 componitur
845 1327 903 1359 ex
930 1311 1066 1359 radio
1090 1319 1141 1359 et
1165 1320 1403 1374 tangente
1428 1317 1491 1360 30
1511 1311 1772 1374 graduum,

377 1387 573 1450 aequalis
597 1387 733 1434 arcui
770 1386 1053 1449 quadrantis
1079 1387 1194 1434 BD:
1229 1395 1286 1434 ut
1317 1387 1550 1434 methodo
1582 1387 1772 1446 eadem,

377 1479 483 1526 cap.
508 1462 610 1509 xxii
645 1462 758 1509 libri
794 1462 875 1509 De
912 1461 1191 1527 Principiis
1238 1461 1546 1521 Gemma-trice,
1571 1461 1772 1511 demon-

379 1538 552 1586 stravit
571 1537 865 1585 Hobbesius.

842 1705 1176 1739 PROPOSITIO
1218 1705 1304 1739 111.

497 1807 684 1855 Datum
708 1807 942 1873 angulum
968 1808 1193 1857 dividere
1218 1808 1269 1856 in
1288 1809 1410 1857 data
1434 1808 1646 1857 ratione.

445 1915 518 1964 Sit
542 1917 659 1964 data
682 1918 806 1965 ratio
832 1918 908 1966 PF
930 1918 994 1966 ad
1019 1917 1121 1966 BP.
1179 1918 1224 1966 A
1247 1929 1432 1982 puncto
1457 1916 1496 1965 F
1521 1917 1583 1966 ad
1608 1917 1657 1966 N
1681 1916 1771 1966 du-

376 2000 517 2040 eatur
539 2001 676 2040 recta
699 1994 801 2052 FN,
827 2010 996 2042 secans
1020 2010 1192 2042 arcum
1217 1995 1302 2043 BG
1324 1995 1376 2042 in
1398 2010 1425 2041 s
1449 2002 1499 2042 et
1522 1993 1613 2041 AT
1639 1993 1691 2041 in
1726 2009 1769 2040 r.

376 2067 597 2118 Ducatur
619 2068 738 2116 item
762 2068 870 2126 ΡΝ,
895 2085 1064 2117 secans
1091 2085 1261 2118 arcum
1284 2069 1495 2118 eundem
1526 2068 1612 2116 BG
1642 2068 1694 2116 in
1710 2067 1770 2132 J}

376 2151 428 2191 et
450 2151 635 2192 rectam
659 2143 745 2192 AT
776 2144 828 2192 in
860 2146 900 2192 ζ.
971 2145 1118 2208 Ergo,
1157 2161 1246 2208 per
1282 2145 1506 2209 primam,
1531 2160 1676 2192 arcus
1697 2145 1768 2208 f⁸

376 2225 450 2267 est
472 2218 535 2266 ad
558 2234 725 2267 arcum
749 2219 827 2283 Β]
840 2227 894 2268 ut
918 2219 1001 2268 FB
1027 2220 1090 2268 ad
1115 2221 1209 2269 BP.
1267 2220 1365 2269 Sed
1387 2229 1444 2269 ut
1467 2235 1609 2268 arcus
1613 2219 1684 2284 ss
1706 2219 1771 2268 ad

374 2309 543 2341 arcum
568 2293 648 2357 Rs,
673 2294 742 2343 ita
765 2302 839 2343 est
863 2295 1070 2359 angulus
1103 2295 1226 2344 PAF
1259 2296 1323 2345 ad
1355 2295 1591 2360 angulum
1624 2294 1766 2343 BAP.

377 2368 541 2417 Quare
583 2378 637 2418 ut
675 2371 883 2433 angulus
922 2371 1035 2434 sAs
1061 2371 1125 2419 ad
1161 2372 1395 2435 angulum
1412 2371 1549 2435 faB,
1586 2371 1657 2419 ita
1695 2377 1770 2419 est

375 2451 510 2492 recta
547 2445 622 2493 PF
653 2446 715 2493 ad
758 2446 851 2494 BP.
924 2446 1121 2496 Divisus
1151 2462 1268 2509 ergo
1293 2455 1366 2496 est
1390 2447 1598 2511 angulus
1624 2447 1768 2495 datus

378 2519 492 2566 BAs
510 2520 560 2568 in
579 2522 784 2583 angulos
809 2522 949 2580 duos,
965 2523 1079 2587 sAf,
1097 2523 1247 2587 fAB,
1272 2524 1323 2571 in
1347 2523 1463 2572 data
1486 2523 1676 2571 ratione
1692 2522 1769 2571 FP

376 2595 440 2643 ad
465 2596 558 2644 BP.
632 2597 779 2646 Quod
803 2606 911 2646 erat
933 2599 1228 2647 faciendum.

442 2671 729 2721 Notandum
752 2681 917 2722 autem
937 2683 1025 2734 est,
1051 2674 1247 2739 quando
1271 2673 1479 2737 angulus
1503 2673 1646 2721 datus
1668 2688 1768 2721 ma-

368 2748 450 2811 jor
483 2755 558 2795 est
582 2764 729 2811 quam
765 2749 911 2798 tertia
948 2766 1061 2814 pars
1099 2749 1237 2808 recti,
1263 2748 1501 2798 sumenda
1540 2756 1615 2797 est
1656 2764 1769 2812 pars

375 2823 480 2885 ejus
513 2821 729 2886 aliquota
765 2840 875 2887 quae
914 2825 1074 2873 minor
1111 2825 1174 2874 sit
1211 2839 1358 2888 quam
1399 2823 1500 2883 BG,
1526 2830 1576 2872 et
1608 2822 1768 2887 dupli-

375 2897 533 2947 canda
556 2898 631 2947 vel
656 2899 1024 2963 multiplicanda
1041 2916 1129 2965 per
1151 2899 1364 2964 partium
1389 2914 1660 2948 numerum.
