1982 3204
433 257 521 310 178
724 270 1014 305 PRINCIPIA
1042 273 1109 306 ET
1135 273 1507 306 PROBLEMATA

195 399 285 424 cn».
307 399 360 424 v1.
424 381 854 445 quantulacunque
879 384 1036 445 major
1070 383 1163 431 erit
1192 400 1281 431 sua
1316 384 1516 442 chorda,
1551 384 1637 432 sed
1661 385 1823 432 etiam

141 485 185 513 ΒΟ
207 486 316 513 mmm„
337 485 408 522 peri,
423 464 588 519 partes
604 458 708 520 ejus
724 474 891 506 omnes
907 460 1154 507 omnibus:
1178 460 1249 507 ita
1262 467 1319 507 ut
1334 459 1495 507 nullus
1509 476 1650 508 arcus
1664 468 1813 508 rectae

141 529 276 600 :Jffgffnff‘l
291 530 407 559 “mium
424 533 620 596 aequalis
639 549 743 581 esse
763 535 930 597 possit.
981 535 1077 582 Sed
1095 551 1254 598 neque
1276 535 1371 582 ulla
1389 535 1483 582 erit
1500 535 1629 583 linea
1647 535 1811 594 ducta,

423 624 580 671 neque
605 609 753 666 sinus,
778 625 938 672 neque
974 626 1119 658 arcus
1151 617 1235 658 aut
1264 611 1436 673 figura.
1507 610 1658 658 Linea
1682 611 1813 658 enim

422 683 525 731 sine
539 684 798 732 latitudine
813 684 942 732 nihil
952 694 1039 743 est,
1050 692 1099 732 et
1114 685 1369 733 dimidium
1384 687 1489 748 ejus
1504 686 1809 733 tantundem.

489 760 578 807 Est
597 776 713 822 ergo
734 759 806 823 Bq
824 760 1023 823 aequalis
1049 762 1184 808 arcui
1209 759 1310 818 BG,
1327 761 1378 808 id
1396 770 1487 819 est,
1503 762 1662 808 tertiae
1679 761 1811 825 parti

422 851 565 882 arcus
591 835 924 898 quadrantalis
950 836 1181 899 descripti
1205 836 1342 883 radio
1367 835 1470 883 AB.

491 910 733 959 Quoniam
769 918 933 958 autem
963 912 1208 974 triangula
1235 912 1372 970 GTF,
1398 911 1516 975 EGq
1548 918 1665 958 sunt
1687 918 1811 960 rect-

421 985 602 1049 angula
638 994 686 1033 et
721 986 911 1044 similia,
937 994 987 1034 et
1019 987 1100 1034 TF
1123 986 1270 1034 tertia
1297 1003 1409 1050 pars
1434 986 1682 1034 semiradii
1705 987 1809 1034 AF:

421 1062 514 1109 erit
537 1061 612 1125 Eq
631 1062 777 1108 tertia
792 1077 903 1123 pars
920 1062 1029 1119 EH,
1047 1077 1270 1109 excessus
1284 1062 1532 1125 tangentis
1551 1061 1645 1109 BH
1664 1078 1819 1126 suprax

421 1136 733 1185 semiradium
766 1135 869 1183 BE.
938 1137 1104 1199 Tripla
1149 1153 1266 1200 ergo
1313 1136 1405 1201 Bq,
1446 1137 1498 1184 id
1535 1146 1624 1195 est,
1667 1154 1810 1186 arcus

422 1213 757 1277 quadrantalis
782 1212 1056 1277 descriptus
1075 1213 1211 1261 radio
1227 1213 1333 1271 AB,
1350 1214 1547 1277 aequalis
1566 1223 1640 1262 est
1663 1215 1810 1278 triplo

422 1288 680 1336 semiradio
705 1305 805 1336 una
834 1305 946 1336 cum
979 1289 1127 1352 tripla
1150 1290 1241 1354 Eq,
1266 1289 1318 1337 id
1341 1297 1415 1338 est
1436 1290 1576 1338 radio
1600 1291 1688 1338 AB
1711 1306 1812 1339 una

419 1380 533 1412 cum
569 1371 802 1426 tangente
829 1369 892 1412 30
920 1364 1178 1427 graduum,
1203 1366 1298 1413 hoc
1334 1374 1408 1413 est
1442 1381 1542 1413 una
1564 1381 1676 1414 cum
1699 1365 1809 1415 BH.

421 1439 567 1487 Quod
592 1446 698 1486 erat
721 1438 1169 1488 demonstrandum.

487 1529 548 1562 11.
577 1514 628 1562 Si
645 1514 1001 1577 produceretur
1019 1514 1095 1579 Bq
1111 1516 1267 1564 donec
1292 1516 1642 1579 triplicaretur,
1661 1523 1712 1564 et
1726 1516 1811 1564 AF

419 1589 574 1638 donec
599 1589 948 1653 duplicaretur,
970 1591 1281 1639 manifestum
1305 1599 1378 1640 est
1400 1600 1587 1640 rectam
1611 1591 1811 1640 ductam

419 1680 449 1712 a
470 1673 654 1728 puncto
680 1665 727 1712 N
751 1681 840 1728 per
870 1666 1132 1713 terminum
1159 1666 1421 1730 duplicatae
1445 1667 1544 1726 AF,
1569 1667 1810 1716 abscissu-

419 1755 526 1786 ram
563 1755 666 1787 esse
703 1740 756 1787 in
786 1747 921 1788 recta
950 1739 1043 1788 BH
1075 1740 1318 1804 producta
1349 1750 1536 1789 rectam
1574 1742 1811 1806 aequalem

421 1815 705 1877 compositae
729 1831 787 1863 ex
813 1815 950 1864 radio
976 1824 1026 1864 et
1050 1824 1283 1880 tangente
1308 1823 1371 1866 30
1394 1817 1653 1880 graduum.
1713 1818 1811 1866 Sed

419 1898 477 1937 ut
500 1899 636 1939 recta
655 1891 804 1939 ducta
821 1908 850 1939 a
873 1900 1058 1955 puncto
1077 1893 1122 1940 N
1140 1893 1381 1942 transiens
1398 1893 1487 1941 AD
1502 1894 1809 1957 productam,

420 1965 606 2015 dividat
640 1968 789 2015 etiam
818 1968 870 2015 id
898 1969 1030 2031 quod
1061 1977 1216 2017 restat
1247 1985 1390 2018 arcus
1418 1969 1570 2018 totius
1603 1986 1692 2034 per
1721 1967 1810 2019 BG

419 2042 869 2105 proportionaliter,
889 2043 1186 2107 impossibile
1211 2054 1301 2093 est.
1340 2045 1471 2094 Quia
1486 2047 1527 2093 si
1547 2046 1811 2094 duceretur

419 2133 508 2180 per
531 2126 768 2180 punctum
792 2119 848 2176 G,
876 2126 1082 2182 tangens
1114 2120 1177 2167 ad
1205 2128 1442 2183 punctum
1468 2121 1530 2179 G,
1555 2129 1692 2169 recta
1716 2121 1810 2169 GA

418 2192 660 2255 producta
674 2193 830 2241 donec
845 2194 1044 2257 aequalis
1061 2202 1188 2243 esset
1206 2204 1354 2243 rectae
1363 2195 1455 2243 BN
1470 2196 1656 2244 faceret
1678 2196 1810 2244 idem

420 2267 551 2330 quod
577 2268 666 2315 BN
689 2287 699 2315 ε
737 2276 787 2316 et
810 2276 1070 2332 propterea
1092 2277 1239 2318 rectae
1268 2287 1296 2318 a
1319 2279 1503 2333 puncto
1519 2271 1565 2318 N
1585 2287 1673 2334 per
1695 2271 1808 2319 reli-

419 2358 565 2406 quam
583 2350 770 2407 partem
792 2360 933 2392 arcus
957 2344 1008 2392 id
1031 2361 1129 2392 non
1153 2346 1383 2394 facerent.

990 2443 1250 2492 Scholium.

486 2541 572 2574 111.
613 2526 860 2575 Quoniam
897 2542 1066 2575 arcum
1103 2527 1475 2591 quadrantalem
1521 2528 1572 2576 iu
1623 2528 1807 2577 Roseto

418 2602 654 2665 aequalem
673 2602 865 2650 ostendi
890 2618 994 2650 esse
1013 2610 1162 2651 rectae
1187 2604 1324 2667 cujus
1349 2603 1640 2667 quadratum
1661 2604 1807 2653 decu-

417 2677 554 2741 plum
592 2685 664 2725 est
701 2678 926 2742 quadrati
957 2695 987 2726 a
1015 2678 1291 2735 semiradio,
1331 2690 1382 2727 et
1419 2679 1630 2728 eundem
1672 2696 1805 2728 nunc

417 2768 585 2801 arcum
621 2753 855 2817 aequalem
891 2769 996 2801 esse
1030 2762 1175 2802 rectoe
1199 2755 1483 2818 compositae
1507 2771 1565 2803 ex
1590 2755 1730 2804 radio
1754 2763 1805 2804 et

417 2835 651 2892 tangente
687 2834 750 2878 30
785 2828 1046 2893 graduum:
1085 2829 1429 2879 demonstrabo
1465 2831 1558 2879 hoc
1591 2831 1718 2890 loco,
1742 2847 1804 2879 ex

415 2904 666 2968 principiis
703 2904 996 2964 clarissimis,
1022 2905 1313 2968 quadratum
1339 2922 1368 2955 a
1396 2915 1530 2956 recta
1557 2906 1640 2956 illa
1670 2922 1802 2955 eom-
