1982 3204
481 277 542 318 54
682 285 976 320 DOCTRINAE
1002 285 1365 319 WALLlSIANAE
1393 286 1466 320 DE
1491 287 1648 322 MOTU

220 408 431 438 mmmmm
475 402 613 458 parte
649 396 826 460 aliqua,
862 396 1150 444 contrarius.
1233 395 1396 459 Atque
1432 396 1526 444 hoc
1562 397 1643 445 ille
1679 397 1860 445 voluit:

227 464 418 533 Q
473 471 659 534 legerat
690 473 819 520 enim
860 473 1188 520 definitionem
1227 470 1355 518 hanc
1385 471 1437 518 in
1474 471 1599 520 libro
1635 488 1744 521 meo
1786 487 1858 521 DE

475 562 746 606 CORPORE,
785 564 889 610 cap.
921 564 999 595 xv.
1041 555 1134 593 art.
1172 551 1218 593 2.
1287 546 1471 594 Verum
1512 563 1574 595 ne
1610 547 1861 596 videretur

473 623 592 670 meis
629 623 717 681 uti,
743 623 915 686 quibus
954 630 1138 668 temere
1178 628 1291 668 ante
1323 622 1702 681 contradixerat,
1741 623 1859 671 dum

472 698 659 746 studuit
704 697 938 745 mutando
986 712 1072 744 sua
1121 696 1301 755 facere,
1360 699 1594 762 corrupit.
1687 699 1860 748 Nescit

471 774 617 831 enim,
643 774 734 821 nisi
759 790 867 836 quae
889 773 1108 835 vulgaria
1136 780 1266 829 sunt,
1290 773 1463 821 Latine
1488 774 1672 822 dicere:
1708 781 1763 822 ut
1786 774 1859 822 vi-

471 847 586 895 dere
610 857 683 896 est
707 850 757 896 in
780 849 890 895 libri
913 849 1056 911 hujus
1084 849 1159 895 sui
1182 848 1340 907 initio,
1364 850 1449 897 ubi
1473 850 1644 899 definit
1667 850 1858 899 mecha-

469 923 627 971 nicam
651 940 738 987 per
750 923 1075 987 geometriam
1093 923 1157 971 de
1179 930 1322 972 motu.

930 1103 1224 1138 DEFINITIO
1261 1105 1388 1139 VIII.

536 1191 638 1240 Per
663 1190 967 1249 distantiam,
992 1190 1097 1238 sive
1121 1189 1478 1254 longitudinem
1500 1198 1674 1250 motus,
1707 1191 1853 1240 intel-

467 1268 573 1332 ligo
599 1266 924 1332 longitudinis
955 1266 1174 1331 spatium
1205 1266 1338 1315 illud
1359 1267 1488 1330 quod
1508 1273 1638 1316 motu
1661 1267 1853 1316 transi-

463 1344 622 1409 gitur.

531 1419 589 1467 Id
612 1426 699 1478 est,
730 1434 817 1482 per
839 1417 1196 1481 longitudinem
1221 1423 1382 1465 motus
1404 1417 1634 1481 intelligit
1654 1417 1851 1478 lineam,

462 1511 569 1558 quae
609 1494 864 1557 longitudo
902 1492 1098 1557 quidem
1136 1501 1226 1552 est,
1265 1492 1352 1540 sed
1384 1508 1575 1556 semper
1614 1494 1849 1558 corporis.

462 1570 554 1617 Per
572 1569 854 1618 distantiam
878 1569 1139 1633 saepissime
1158 1568 1448 1632 intelligitur
1467 1568 1722 1632 longitudo
1740 1586 1851 1634 quae

462 1653 536 1692 est
569 1645 698 1693 inter
729 1645 825 1693 duo
850 1660 1057 1708 corpora
1079 1643 1379 1703 brevissima,
1405 1659 1515 1707 quae
1551 1644 1699 1694 unica
1734 1652 1810 1693 est
1834 1663 1847 1693 :

462 1721 548 1769 sed
571 1721 901 1784 longitudines
924 1720 1073 1768 variae
1097 1727 1226 1768 sunt.

941 1895 1236 1930 DEFINITIO
1281 1894 1359 1928 lx.

529 1979 772 2028 Celer-itas
796 1987 871 2028 est
894 1980 1094 2043 affectio
1107 1987 1264 2029 motus
1281 1997 1343 2028 ex
1361 1980 1727 2044 comparatione
1745 1979 1847 2029 lon-

456 2055 702 2118 gitudinis
732 2062 781 2103 et
824 2056 1060 2120 temporis
1094 2055 1381 2104 resultans:
1417 2061 1588 2120 utpote
1616 2072 1724 2119 quoe
1755 2072 1846 2119 quo

459 2137 676 2194 tempore
710 2138 893 2194 quanta
926 2131 1182 2196 longitudo
1207 2130 1514 2195 transigitur
1535 2130 1844 2182 determinat.

525 2206 709 2253 Notum
732 2223 819 2269 per
842 2207 1026 2270 ignota.
1102 2206 1350 2254 Celeritas
1375 2205 1505 2254 enim
1535 2222 1631 2254 vox
1654 2206 1715 2254 ab
1739 2222 1845 2254 om-

458 2282 599 2329 nibus
644 2282 948 2345 intelligitur,
991 2282 1077 2331 sed
1117 2282 1316 2345 affectio
1362 2288 1517 2330 motus
1563 2298 1593 2329 a
1631 2281 1843 2330 nemine.

460 2357 674 2418 Affectio
697 2359 984 2407 animalibus
1001 2359 1197 2422 proprie
1220 2357 1468 2415 tribuitur,
1486 2364 1542 2405 ut
1559 2357 1721 2420 passio
1739 2373 1843 2406 cor-

458 2432 670 2494 poribus.
737 2433 1008 2482 Resultare
1040 2434 1348 2497 affectionem
1370 2432 1492 2480 nihil
1509 2432 1766 2495 significat,
1791 2441 1844 2481 et

458 2514 532 2554 est
576 2508 792 2571 loquutio
832 2526 862 2557 a
901 2509 1267 2558 demonstrandi
1306 2509 1495 2557 ratione
1531 2508 1840 2557 alienissima.

457 2582 603 2630 Quod
627 2592 789 2631 autem
808 2585 1041 2648 sequitur,
1060 2602 1164 2649 quae
1183 2600 1273 2649 quo
1293 2591 1511 2649 tempore
1530 2590 1716 2647 quanta
1739 2583 1842 2633 lon-

449 2658 627 2721 gitudo
682 2660 985 2724 transigitur
1036 2660 1346 2719 determinat,
1399 2667 1590 2707 rectum
1641 2658 1839 2723 quidem

452 2741 541 2790 est,
580 2733 664 2780 sed
702 2734 1009 2798 desumptum
1045 2752 1106 2783 ex
1140 2735 1265 2783 libro
1298 2750 1407 2784 meo
1446 2748 1518 2782 nu
1563 2748 1838 2796 CORPORE,

453 2823 558 2871 cap.
588 2808 684 2856 viii.
718 2818 796 2856 art
825 2816 911 2858 15:
947 2810 1031 2858 ubi
1064 2810 1372 2859 velocitatem
1412 2808 1696 2858 definieram
1732 2826 1838 2859 esse

453 2889 640 2941 motum,
665 2891 896 2947 quatenus
919 2903 975 2934 eo
998 2885 1252 2951 longitudo
1273 2891 1415 2935 certa
1449 2891 1587 2934 certo
1621 2891 1839 2952 tempore
