1982 3204
272 244 367 292 cxii

314 361 622 404 ibid-2—generatio
637 361 694 394 ubi
708 360 797 394 nulla
812 365 868 394 aut
877 360 968 394 nulla
975 372 1051 404 pro-

314 405 447 481 ptr-istm,
462 405 510 438 ibi
524 404 732 448 philosophia
744 404 941 447 intelligitur
952 405 1050 437 nulla.

316 459 327 480 1
352 460 363 480 1
388 473 396 481 .

316 492 463 524 excludit
483 502 502 524 a
524 503 558 524 se
573 491 782 534 theolog-iam.
806 491 830 523 i.
846 495 960 524 9:—et
975 490 1051 523 doc-

316 535 437 567 trinam
453 535 494 567 de
511 535 646 578 angelis.
668 535 747 567 ibid.
763 540 848 567 :—et
870 534 1052 567 doctrinam

317 578 358 611 de
373 579 471 611 rebus
493 579 644 611 omnibus
661 589 733 621 quae
758 589 819 610 nec
842 588 979 621 corpora
994 588 1052 609 nec

317 633 490 664 corporum
507 622 641 654 effectus
654 621 892 654 existimantur.
910 621 989 652 ibid.
1003 634 1054 653 :—

318 665 466 698 excludit
480 665 660 704 historiam,
682 665 864 696 naturalem
888 670 922 696 et
943 663 1052 707 politi·

318 719 399 741 cam.
426 708 505 741 ibid.
514 714 600 740 z-et
626 708 793 740 scientiam
820 718 950 739 omnem
980 718 1053 749 quae

319 752 424 784 oritur
445 763 486 784 ex
502 751 613 784 divina
636 751 850 794 inspiratione
866 751 916 782 vel
931 750 1055 782 revela-

319 795 418 828 tione.
433 795 512 828 ibid.
525 800 611 828 :—et
631 795 813 827 doctrinam
837 805 966 826 omnem
990 804 1054 825 non

319 839 403 871 bene
430 838 608 871 fundatam.
637 837 890 880 ibid.:-—itaque
919 837 1055 869 astrolo-

320 882 418 924 giam,
435 882 541 924 qualis
556 881 653 914 hodie
669 886 863 913 ostentatur.
886 881 907 912 i.
927 885 1056 912 loz-et

320 933 455 958 caeteras
472 924 659 968 hujusmodi
674 924 901 956 divinationes.
916 923 995 956 ibid.
1005 937 1057 956 :—

321 974 355 1001 et
370 968 552 1001 doctrinam
568 968 609 1000 de
624 968 715 1000 cultu
731 967 805 999 Dei.
822 967 900 999 ibid.

322 1012 468 1051 historia,
478 1012 636 1044 naturalis
644 1017 678 1043 et
687 1010 830 1054 politica,
840 1009 1056 1053 philosophiae

321 1055 505 1094 utilissima,
520 1055 587 1086 imo
602 1054 794 1086 necessaria.
810 1054 831 1086 i.
848 1057 877 1086 9.

322 1104 432 1142 partes
462 1099 543 1141 ejus.
570 1098 591 1130 i.
624 1102 833 1139 lO:—-partes
859 1096 965 1140 princi
991 1096 1057 1128 ales

323 1142 408 1181 duae,
420 1141 578 1174 naturalis
591 1146 624 1173 et
637 1140 752 1173 civilis.
762 1140 841 1172 ibid.
855 1139 971 1172 :—civi
985 1139 1012 1171 is
1022 1139 1057 1170 in

324 1185 406 1217 duas
420 1190 529 1228 partes
545 1184 651 1216 scindi
663 1184 755 1222 solet,
770 1185 865 1215 ethica
881 1188 914 1215 et
923 1185 1056 1224 politica.

323 1228 402 1261 ibid.
411 1230 553 1261 z—civilis
565 1228 632 1260 sive
641 1229 778 1269 politica,
789 1226 876 1258 unde
889 1226 1002 1258 oritur.
1012 1225 1058 1257 iii.

325 1315 367 1348 ad
397 1314 645 1357 acquisitionem
672 1314 742 1356 ejus
771 1311 955 1345 necessaria
985 1317 1062 1344 sunt

325 1359 526 1390 monimenta
540 1357 650 1400 aliqua
664 1356 839 1390 sensibilia.
854 1356 877 1389 i.
898 1360 944 1388 12.

325 1402 542 1445 philosophiae
557 1400 664 1433 omnis
685 1400 883 1443 principium
899 1404 932 1431 et
946 1398 1061 1431 funda-

326 1451 484 1484 mentum,
508 1449 558 1477 est
577 1445 676 1487 hujus
695 1443 868 1475 axiomatis
890 1442 1062 1481 certitudo,

326 1489 467 1520 duorum
482 1487 651 1520 nominum
673 1486 1001 1519 contradictor-iorum
1017 1485 1063 1518 al-

327 1537 435 1564 terum
451 1531 626 1575 cujuslibet
640 1531 689 1563 rei
704 1541 823 1562 nomen
833 1540 915 1569 esse,
924 1529 1062 1562 alterum

327 1586 394 1607 non
410 1586 490 1607 esse.
504 1575 525 1607 i.
542 1577 589 1608 17.

327 1618 544 1662 philosophiae
554 1617 651 1650 unica
663 1616 820 1650 orationis
829 1615 963 1659 species.
971 1615 993 1648 i.
1005 1618 1045 1649 27
1056 1629 1062 1648 :

327 1669 503 1695 —vocatur
518 1661 608 1704 quid.
623 1660 702 1694 ibid.

328 1705 370 1738 iis
386 1706 443 1748 qui
463 1704 705 1749 philosophiam
725 1714 745 1735 a
765 1703 954 1736 doctoribus
978 1701 1065 1734 edis-

329 1755 417 1788 cunt,
433 1749 613 1781 cavendum
629 1753 681 1780 est
702 1758 743 1779 ne
757 1747 857 1779 variis
872 1746 978 1778 modis
993 1746 1065 1788 qui-

329 1792 391 1824 bus
410 1791 650 1835 propositiones
668 1790 810 1833 proferri
836 1795 869 1823 et
892 1789 992 1822 scribi
1014 1800 1065 1821 so-

330 1836 409 1875 lent,
423 1835 637 1878 decipiantur.
654 1834 675 1866 i.
691 1838 742 1866 35.

330 1879 511 1922 propositio
553 1876 792 1921 progressionis
830 1875 1066 1919 philosophicae

331 1922 425 1965 quasi
439 1922 565 1965 primus
580 1931 695 1964 passus
706 1926 764 1952 est.
777 1920 798 1952 i.
809 1924 849 1952 39
861 1919 1067 1963 :—-syllogis-

330 1977 404 1998 mus
419 1976 533 2008 passus
548 1965 685 2006 integer.
700 1964 723 1996 i.
738 1968 790 2003 39,
807 1966 857 1997 57.

332 2010 403 2053 ejus
419 2014 478 2048 est,
490 2008 531 2040 de
545 2006 800 2051 proprietatibus
811 2017 921 2039 rerum
936 2005 1068 2049 regulas

333 2058 477 2085 statuere
491 2051 700 2084 universales.
716 2050 737 2082 i.
753 2054 804 2082 44.

331 2095 541 2139 philosophia
550 2094 732 2127 communis
739 2092 999 2136 propositionum
1008 2091 1067 2124 fal-

333 2150 442 2172 sarum
456 2138 655 2182 plenissima,
670 2137 827 2180 qualium.
840 2136 862 2169 i.
879 2140 929 2169 52.

333 2193 409 2226 pars
425 2193 463 2214 ea
500 2193 549 2214 uae
564 2181 747 2224 appellatur
758 2182 925 2221 ywmetn‘a,
947 2190 989 2211 ex
1004 2189 1069 2222 qua

333 2232 487 2268 contemp
501 2225 609 2257 atione
625 2230 697 2257 orta
718 2229 777 2256 est.
793 2223 814 2255 i.
832 2227 872 2256 63
881 2233 1010 2265 z—pars
1031 2233 1069 2254 ea

335 2280 408 2312 quae
421 2271 456 2300 de
470 2275 550 2300 motu
573 2273 633 2307 est,
657 2279 700 2300 ex
715 2278 780 2310 qua
794 2265 1069 2309 contemplatione

334 2312 464 2345 existet.
479 2311 558 2344 ibid.
566 2322 695 2354 2—pars
710 2322 749 2343 ea
763 2320 837 2353 quae
849 2316 983 2342 vocatur
992 2310 1069 2350 phy-

334 2358 408 2394 sica,
424 2355 543 2398 quibus
554 2355 750 2387 continetur.
764 2353 785 2385 i.
803 2357 853 2386 64.

335 2398 493 2448 quicquid
507 2398 543 2430 in
557 2397 766 2447 philosophia
779 2395 920 2428 naturali
935 2395 1070 2427 demon—

336 2448 492 2475 stratione
518 2441 650 2483 proprie
665 2441 753 2473 dicta
775 2438 932 2482 explicari
953 2443 1071 2481 potest,

335 2485 371 2518 in
409 2490 526 2517 uatuor
544 2484 692 2527 partibus
715 2482 910 2516 continetur.
933 2481 955 2513 i.
971 2485 1072 2514 64:—

335 2496 577 2578 philosophiam
622 2526 804 2559 naturalem
840 2523 1072 2568 quaerentibus,

337 2571 443 2616 princi
468 2581 535 2603 ium
546 2581 566 2602 a
576 2569 755 2613 geometria
763 2568 968 2601 sumendum.
980 2567 1001 2599 i.
1015 2571 1071 2600 65:

337 2614 444 2648 —civi
458 2615 487 2647 is
508 2613 625 2646 morali
649 2613 697 2646 ita
725 2612 880 2651 adhaeret,
904 2616 942 2643 ut
964 2615 1073 2643 tamen

339 2658 478 2691 distrahi
493 2657 535 2690 ab
549 2667 590 2689 ea
602 2657 716 2700 possit.
731 2655 810 2688 ibid.

339 2702 470 2735 initium
489 2699 706 2744 pbilosophiae
721 2697 876 2731 docendae
891 2701 941 2730 est
960 2707 980 2729 a
993 2696 1073 2729 defi-

339 2745 531 2778 nitionibus
557 2743 579 2776 i.
610 2743 782 2786 752-ejus
810 2750 1004 2791 progressus
1033 2739 1075 2772 ad

340 2787 510 2822 scientiam
522 2786 704 2830 compositi,
715 2784 949 2828 compositurus
957 2789 1016 2815 est.
1030 2783 1074 2816 ib.

340 2842 416 2875 pars
429 2830 487 2863 illa
502 2841 575 2873 quoe
584 2833 688 2872 pn'ma
698 2829 829 2867 dicitur,
843 2828 879 2860 in
891 2837 956 2878 quo
970 2826 1075 2859 conti-

340 2881 447 2907 netur.
464 2874 486 2907 i.
502 2873 681 2917 7z:—quid
702 2877 760 2905 est.
783 2871 830 2904 iii.
843 2875 894 2904 69.
908 2881 953 2903 ιν.
970 2874 1011 2903 26
1025 2883 1075 2902 :—

341 2929 418 2962 pars
430 2917 503 2957 ista,
514 2916 703 2960 geometria,
712 2912 996 2949 excellentissimis
1006 2923 1076 2946 om-

340 2962 432 2994 nium
448 2966 631 3004 temporum
647 2958 790 3003 ingeniis
811 2957 952 2997 exculta,
967 2956 1061 2990 uberi

969 258 1167 293 INDEX.

1119 370 1209 392 orem
1224 359 1301 392 tulit
1315 363 1470 402 segetem,
1482 369 1580 402 quam
1595 363 1633 392 ut
1646 358 1682 392 in
1695 360 1855 402 angustiis

1119 404 1227 446 operis
1243 413 1290 435 na
1304 413 1466 435 CORPORE
1479 402 1632 435 contrudi
1641 403 1754 446 possit.
1769 403 1792 437 i.
1805 407 1855 438 75.

1119 446 1337 490 philosophiae
1368 446 1526 478 naturalis
1555 457 1675 489 magna
1702 457 1779 489 pars
1805 452 1857 480 est

1120 490 1293 540 explorare
1308 500 1349 521 an
1364 489 1546 522 accidentia
1568 500 1635 522 non
1658 489 1726 522 sint
1748 495 1857 523 motus

1122 533 1264 575 quidam.
1277 533 1299 565 i.
1316 537 1367 565 93.

1121 575 1267 608 methodi
1282 575 1535 618 philosophandi
1550 575 1633 615 dnae,
1649 575 1752 608 altera
1766 587 1786 608 a
1844 595 1860 602 υ

1122 619 1290 651 neratione
1306 619 1347 651 ad
1361 620 1506 658 effectus,
1522 619 1624 651 altera
1637 619 1678 651 ab
1688 619 1797 653 effecti
1819 630 1859 652 us

1123 663 1164 695 ad
1179 662 1432 704 generationem.
1447 662 1468 694 i.
1486 666 1558 694 315.

1122 705 1330 748 philosophia
1345 717 1363 737 a
1376 716 1486 737 rerum
1499 705 1700 748 singularum
1712 710 1859 738 contem-

1122 749 1266 791 piatione
1293 749 1334 780 ad
1362 754 1526 791 praecepta
1553 749 1750 781 universalia
1774 749 1860 782 viam

1123 792 1237 834 aperit.
1253 792 1286 824 ii.
1307 791 1500 825 136-7z—in
1516 797 1596 834 quot
1618 803 1725 824 ramos
1747 803 1782 824 se
1796 792 1860 825 dif-

1122 836 1241 868 fundit.
1266 835 1345 868 ibid.
1354 846 1481 877 :-quae
1506 835 1547 867 de
1573 835 1687 877 figuris
1717 841 1861 868 tractans

1121 881 1287 920 yeometria,
1300 879 1341 910 de
1357 884 1447 910 motu
1462 880 1599 919 physica,
1614 878 1656 910 de
1673 879 1751 921 jure
1765 885 1860 912 natu·

1123 922 1185 954 rali
1199 924 1319 954 moralis
1334 922 1464 961 dicitur,
1473 932 1512 953 ea
1526 927 1595 954 tota
1601 923 1791 963 philosophia
1801 927 1861 956 est.

1124 965 1158 998 ii.
1179 969 1247 998 137.

1123 1007 1341 1052 philosophiae
1363 1010 1470 1040 morali
1494 1007 1583 1040 idem
1610 1007 1750 1051 contigit
1773 1008 1863 1052 quod

1125 1052 1187 1083 viis
1202 1051 1351 1094 publicis.
1367 1051 1401 1083 ii.
1421 1055 1491 1084 138.

1126 1095 1154 1127 si
1168 1095 1385 1138 philosophiae
1407 1094 1514 1137 gratia
1532 1100 1674 1134 coeatur,
1699 1099 1780 1138 quot
1801 1094 1864 1127 ho-

1126 1138 1241 1175 mines.
1252 1144 1301 1170 tot
1312 1144 1389 1170 sunt
1399 1137 1455 1180 qui
1467 1143 1603 1170 caeteros
1614 1138 1742 1171 docent.
1750 1138 1863 1172 ii.160.

1129 1181 1299 1224 Scriptura
1310 1181 1409 1214 Sacra
1419 1191 1484 1213 non
1494 1180 1735 1224 philosophiam
1747 1181 1864 1214 docere

1127 1224 1310 1267 profitetur,
1323 1225 1380 1256 sed
1392 1224 1506 1256 salutis
1514 1230 1647 1257 aeternae
1656 1225 1749 1256 viam.
1760 1225 1863 1258 iii..64

1129 1268 1434 1310 consequentiarum
1446 1267 1644 1309 cognitionis
1654 1268 1863 1312 conscriptio,

1131 1311 1288 1354 appellari
1302 1311 1386 1343 solet
1400 1310 1618 1354 philosophia.
1632 1310 1678 1344 iii.
1695 1315 1746 1344 66.

1131 1365 1258 1386 errores
1287 1354 1375 1386 circa
1409 1353 1650 1397 philosophiam
1688 1354 1865 1398 aliquando

1130 1408 1322 1440 magnarum
1345 1397 1542 1429 seditionum
1564 1396 1766 1430 occasionem
1780 1408 1866 1442 pra·

1131 1441 1219 1473 bent.
1235 1441 1268 1473 ii.
1284 1444 1357 1474 388.

1131 1483 1219 1516 inter
1237 1483 1478 1527 philosophiam
1491 1494 1612 1522 veram,
1633 1487 1668 1516 et
1685 1483 1777 1516 illam
1792 1494 1867 1527 quae

1126 1527 1255 1570 jamdiu
1270 1538 1330 1570 pro
1344 1527 1553 1570 philosophia
1566 1526 1678 1559 habita
1692 1532 1752 1566 est,
1774 1526 1865 1560 fuca-

1132 1576 1199 1602 tam
1215 1576 1248 1603 et
1259 1571 1425 1613 garrulam
1434 1570 1677 1610 meritriculam,
1688 1569 1868 1604 distinctio.

1132 1613 1180 1645 iii.
1195 1618 1330 1647 489-90.

1132 1657 1340 1700 philosophia
1354 1657 1395 1689 ab
1410 1656 1615 1700 experientia
1635 1661 1670 1689 et
1682 1656 1868 1700 prudentia,

1133 1706 1168 1732 et
1182 1712 1202 1733 a
1215 1701 1280 1733 fide
1295 1706 1328 1734 et
1342 1700 1540 1733 revelatione
1555 1699 1795 1743 supernaturali
1801 1699 1870 1733 dis·

1135 1743 1308 1786 tinguitur.
1322 1743 1370 1776 iii.
1386 1743 1760 1786 ‘ww—philosophandi
1774 1742 1869 1787 origo

1133 1788 1250 1830 prima,
1266 1787 1408 1820 sermoni
1423 1798 1522 1819 coeva
1536 1792 1595 1819 est.
1611 1786 1692 1819 ibid.

1135 1831 1229 1874 origo
1244 1832 1315 1874 ejus
1330 1836 1363 1863 et
1377 1841 1579 1873 progressus.
1594 1829 1640 1862 iii.
1657 1833 1768 1862 490-1.

1134 1874 1352 1917 philosophia,
1377 1873 1560 1916 praesertim
1586 1873 1811 1913 Aristotelica,
1833 1873 1871 1906 in

1136 1917 1280 1950 maximo
1296 1917 1420 1949 honore
1443 1916 1507 1949 fuit
1528 1916 1615 1960 apud
1636 1916 1773 1950 Graecos
1786 1922 1870 1950 tem-

1135 1972 1216 2004 pore
1231 1961 1377 1993 ecclesiae
1392 1960 1578 2003 primitivae.
1593 1959 1639 1992 iii.
1655 1963 1730 1992 492.

1136 2004 1355 2054 eloquentiam
1371 2012 1404 2036 et-
1416 2003 1657 2053 philosophiam
1671 2003 1822 2036 Graecam
1837 2007 1872 2036 et

1135 2049 1288 2080 Latinam
1298 2046 1412 2090 quanti
1423 2047 1571 2079 constitit
1578 2045 1740 2079 didicisse.
1749 2045 1873 2079 iitsoa.

1137 2091 1195 2134 qui
1219 2101 1306 2123 nunc
1328 2089 1545 2140 philosophiae
1563 2089 1706 2122 maxime
1728 2088 1872 2128 student,

1137 2140 1286 2167 naturam
1302 2140 1410 2166 motus
1418 2132 1554 2165 minime
1562 2132 1773 2175 contemplati
1783 2138 1871 2166 sunt.

1136 2178 1179 2210 iv.
1197 2181 1259 2210 228
1271 2177 1358 2210 z-in
1373 2177 1435 2209 hoc
1450 2175 1652 2215 incumbunt,
1667 2181 1705 2208 ut
1718 2186 1804 2208 nova
1817 2186 1872 2208 ac-

1137 2221 1270 2264 quirant
1306 2220 1507 2252 haenomena.
1522 2218 1600 2251 ibid.

1136 2264 1288 2308 philosop
1313 2263 1353 2296 iae
1364 2263 1548 2295 reformatae
1556 2261 1740 2295 methodus.
1748 2261 1874 2295 immo:

1136 2306 1376 2349 —antiquioris
1390 2305 1572 2338 methodus.
1587 2305 1667 2338 ibid.

1137 2349 1345 2394 philosophia
1360 2349 1446 2382 seria
1459 2348 1556 2380 unica
1569 2354 1629 2387 est,
1643 2359 1718 2391 quae
1726 2353 1876 2381 versatur

1138 2393 1225 2426 circa
1247 2403 1360 2436 pacem
1376 2398 1410 2424 et
1430 2391 1578 2424 fortunas
1592 2391 1722 2424 civium.
1736 2391 1779 2425 ir.
1794 2394 1874 2426 48⁷:

1138 2442 1305 2469 —caeterae
1315 2435 1399 2467 nihil
1410 2440 1487 2467 sunt
1495 2441 1616 2478 praeter
1625 2434 1875 2468 ludum.iv.488.

1139 2485 1177 2512 ut
1195 2484 1331 2518 crescat,
1354 2478 1458 2511 libera
1471 2478 1570 2510 debet
1594 2489 1676 2518 esse,
1700 2488 1762 2511 nec
1784 2483 1876 2511 mem

1140 2533 1201 2555 nec
1229 2522 1355 2566 pudore
1384 2521 1573 2561 coercenda,
1602 2533 1631 2555 v.
1661 2525 1700 2555 91
1715 2521 1876 2554 2—lueem

1141 2577 1233 2598 suam
1248 2565 1442 2598 naturaliter
1463 2570 1618 2608 tanquam
1640 2565 1678 2597 in
1691 2564 1784 2598 silice
1797 2573 1878 2597 oon-

1140 2609 1263 2642 clusam
1279 2608 1375 2651 gerit.
1390 2608 1471 2641 ibid.

1100 2650 1577 2701 Pmmsornus—philosophi
1588 2662 1608 2683 a
1615 2650 1763 2684 Lucisne
1775 2649 1877 2690 irrisi,

1142 2695 1258 2728 edictis
1269 2694 1409 2738 publicis
1420 2705 1540 2738 saepms
1551 2694 1691 2738 expulsi.
1705 2694 1728 2728 i.
1739 2704 1790 2738 ep.
1802 2693 1876 2728 ded.

1141 2739 1346 2857 ggilosdfliis
1360 2780 1494 2814 nomina
1512 2780 1555 2813 ad
1575 2790 1691 2813 sensus
1712 2790 1789 2813 suos
1810 2779 1879 2824 aig·

1142 2825 1262 2858 nifican
1287 2836 1324 2858 os
1333 2836 1407 2868 quae
1417 2823 1580 2857 voluerint
1587 2829 1731 2867 potestas
1739 2833 1878 2868 semper.

1142 2868 1242 2919 etiam
1265 2868 1443 2902 necessitas
1466 2867 1663 2911 quandoque
1687 2866 1753 2901 fuit
1778 2872 1878 2911 atque

1143 2916 1412 2999 ghiloliophantes
1426 2953 1508 2997 quid
1521 2958 1647 2997 petunt.
1660 2953 1683 2988 i.
1697 2956 1749 2987 60.
