1982 3204
298 652 692 709 PRlNCIPIA
748 650 847 704 ET
906 642 1442 702 PROBLEMATA

828 797 917 822 ETc.

770 1063 910 1112 CAP.
948 1063 986 1111 Ι.

179 1184 262 1234 De
282 1182 516 1247 subjecto,
543 1180 833 1246 principiis,
865 1187 915 1228 et
940 1177 1160 1227 methodo
1196 1175 1564 1226 mathematicoe.

178 1301 508 1351 Accssnssmu
533 1297 598 1347 ad
620 1296 1017 1346 mathematicam
1046 1311 1168 1360 opus
1201 1302 1290 1354 est,
1315 1294 1567 1358 imprimiS,

177 1385 236 1426 ut
275 1376 518 1439 intelligat
558 1389 784 1438 quaenam
820 1373 884 1420 sit
923 1371 1131 1420 materia
1166 1387 1313 1434 quam
1351 1377 1570 1418 tractant

177 1451 529 1509 mathematici,
548 1459 599 1498 et
622 1449 683 1498 de
706 1448 914 1497 materia
937 1447 1056 1511 quid
1080 1447 1142 1495 sit
1166 1445 1298 1511 quod
1322 1445 1568 1508 quaeritur.

247 1526 511 1576 Sciendum
534 1541 652 1589 ergo
676 1533 765 1584 est,
783 1524 1040 1572 materiam
1059 1539 1207 1587 quam
1226 1529 1440 1571 tractant
1465 1536 1570 1569 esse

181 1618 327 1652 omne
344 1602 397 1650 id
411 1600 544 1666 quod
560 1601 710 1649 habet
723 1598 1105 1664 magnitudinem
1122 1617 1140 1646 .·
1163 1597 1215 1646 id
1233 1605 1322 1653 est,
1337 1594 1573 1661 quicquid

181 1677 244 1727 de
284 1693 380 1742 quo
405 1676 556 1741 quaeri
573 1684 740 1740 potest
762 1681 993 1740 quantum
1021 1673 1105 1722 sit.
1174 1673 1346 1736 Itaque
1370 1671 1576 1720 materia

181 1753 496 1803 scientiarum
535 1750 992 1800 mathematicarum
1029 1755 1144 1797 sunt
1173 1763 1434 1811 corporum
1471 1746 1576 1795 lon-

178 1828 450 1895 gitudines,
474 1826 778 1892 superficies,
816 1830 865 1873 et
897 1824 1175 1873 crassitie-3.
1245 1823 1412 1872 Habet
1444 1823 1575 1871 enim

182 1919 361 1968 corpus
383 1918 528 1951 omne
559 1910 660 1950 tres
699 1900 1044 1958 dimensiones,
1066 1915 1159 1948 nec
1181 1898 1347 1963 plures
1368 1917 1380 1946 ε
1415 1906 1466 1946 et
1488 1898 1576 1946 has

182 1995 364 2045 genere
387 1978 684 2027 differentes.
755 1977 828 2024 Ex
861 1983 999 2024 motu
1033 1975 1163 2023 enim
1187 1990 1366 2038 corpus
1389 1974 1447 2022 fit
1469 1973 1578 2021 lon-

182 2071 318 2119 gum,
343 2054 475 2118 quod
499 2060 704 2102 vocatur
734 2051 867 2100 linea
886 2070 904 2100 .·
940 2051 1133 2110 deinde,
1157 2066 1220 2099 ex
1260 2058 1399 2099 motu
1434 2049 1577 2098 lineae

183 2131 242 2179 fit
263 2129 556 2195 superficies
574 2147 592 2175 .·
625 2135 675 2176 et
697 2143 758 2176 ex
788 2135 927 2175 motu
954 2126 1228 2191 superficiei
1258 2127 1315 2174 fit
1337 2141 1577 2184 crassum,

186 2205 319 2270 quod
340 2213 391 2253 et
413 2204 623 2252 solidum
656 2203 851 2260 dicitur,
874 2210 925 2251 et
960 2219 1140 2268 corpus
1174 2201 1577 2251 mathematicum.

187 2281 406 2330 Ulterius
433 2278 634 2344 procedi
669 2295 769 2327 non
799 2285 976 2342 potest,
1002 2278 1234 2342 quoniam
1257 2285 1395 2325 motu
1419 2276 1577 2335 solidi,

188 2372 476 2421 quacunque
501 2362 740 2413 movetur,
764 2354 1068 2402 describetur
1094 2352 1384 2417 magnitudo
1408 2352 1578 2401 solida.

189 2431 363 2496 Itaque
386 2431 472 2495 qui
499 2431 628 2478 inter
663 2445 847 2493 genera
881 2428 1233 2492 magnitudinis
1254 2435 1445 2492 ponunt
1466 2442 1579 2475 sur-

189 2506 433 2563 doeolida,
477 2505 984 2570 quadratoquadrata
1026 2511 1138 2563 etc.,
1185 2504 1352 2567 inepte
1392 2510 1577 2566 agunt:

188 2597 292 2631 non
314 2582 445 2631 enim
478 2582 650 2645 figurae
685 2581 782 2630 illae
812 2588 941 2639 sunt,
966 2579 1053 2628 sed
1083 2579 1274 2627 numeri
1296 2586 1504 2636 tantum,
1528 2577 1581 2625 id

193 2665 285 2716 est,
307 2673 407 2706 non
429 2657 717 2722 magnitudo
741 2656 828 2705 sed
852 2655 1231 2719 magnitudines.

261 2732 478 2780 Pertinet
499 2733 647 2781 etiam
670 2731 734 2780 ad
757 2731 1154 2780 mathematicam
1178 2736 1348 2788 motus,
1373 2735 1580 2793 tempus,

196 2808 287 2867 vis,
302 2807 532 2873 pondus:
567 2823 682 2855 nam
715 2815 765 2855 et
800 2807 976 2855 horum
1012 2806 1221 2854 alterum
1245 2805 1400 2852 altero
1425 2803 1582 2864 majus

195 2883 274 2932 vel
296 2883 456 2932 minus
480 2898 586 2932 esse
609 2882 706 2931 dici
730 2889 906 2947 potest.
978 2881 1141 2931 Etiam
1165 2895 1378 2943 eousque
1402 2884 1583 2927 tractat

1657 1311 1747 1338 cAP.
1765 1311 1790 1337 1.

1620 1357 1811 1380 ὓ-Ὓ-κ

1609 1397 1655 1425 De
1666 1397 1807 1433 subjecto,

1604 1440 1766 1478 principiis,
1788 1444 1818 1467 et

1605 1483 1742 1512 methodo
1757 1492 1814 1511 ma-

1606 1526 1778 1555 them-tiene.
