<?xml version="1.0" encoding="UTF-8"?>
<!DOCTYPE html PUBLIC "-//W3C//DTD XHTML 1.0 Transitional//EN"
    "http://www.w3.org/TR/xhtml1/DTD/xhtml1-transitional.dtd">
<html xmlns="http://www.w3.org/1999/xhtml" xml:lang="en" lang="en">
 <head>
  <title>
</title>
<meta http-equiv="Content-Type" content="text/html;charset=utf-8" />
  <meta name='ocr-system' content='tesseract 3.04.00' />
  <meta name='ocr-capabilities' content='ocr_page ocr_carea ocr_par ocr_line ocrx_word'/>
</head>
<body>
  <div class='ocr_page' id='page_1' title='image "./operaphilosophic05hobbuoft/operaphilosophic05hobbuoft_0340.png"; bbox 0 0 1982 3204; ppageno 0'>
   <div class='ocr_carea' id='block_1_1' title="bbox 424 230 1461 274">
    <p class='ocr_par' dir='ltr' id='par_1_1' title="bbox 424 230 1461 274">
     <span class='ocr_line' id='line_1_1' title="bbox 424 230 1461 274; baseline 0.002 -2"><span class='ocrx_word' id='word_1_1' title='bbox 424 230 520 273; x_wconf 84' lang='lat'><strong>332</strong></span> <span class='ocrx_word' id='word_1_2' title='bbox 774 239 844 272; x_wconf 77' lang='lat' dir='ltr'><strong>DE</strong></span> <span class='ocrx_word' id='word_1_3' title='bbox 883 238 1256 273; x_wconf 78' lang='lat' dir='ltr'>M1RAB1L113US</span> <span class='ocrx_word' id='word_1_4' title='bbox 1286 239 1461 274; x_wconf 80' lang='lat' dir='ltr'><strong>PEccl.</strong></span> 
     </span>
    </p>
   </div>
   <div class='ocr_carea' id='block_1_2' title="bbox 306 348 1823 2590">
    <p class='ocr_par' dir='ltr' id='par_1_2' title="bbox 421 348 1529 803">
     <span class='ocr_line' id='line_1_2' title="bbox 427 348 1470 405; baseline 0.001 -15"><span class='ocrx_word' id='word_1_5' title='bbox 427 348 605 391; x_wconf 58' lang='lat' dir='ltr'><strong>Tantam</strong></span> <span class='ocrx_word' id='word_1_6' title='bbox 624 349 716 400; x_wconf 74' lang='lat' dir='ltr'><strong>ivit,</strong></span> <span class='ocrx_word' id='word_1_7' title='bbox 738 355 935 405; x_wconf 75' lang='lat' dir='ltr'><strong>quantum</strong></span> <span class='ocrx_word' id='word_1_8' title='bbox 956 349 1076 391; x_wconf 78' lang='lat' dir='ltr'><strong>licuit</strong></span> <span class='ocrx_word' id='word_1_9' title='bbox 1095 363 1272 391; x_wconf 55' lang='lat' dir='ltr'><strong>remeare</strong></span> <span class='ocrx_word' id='word_1_10' title='bbox 1298 349 1470 391; x_wconf 78' lang='lat' dir='ltr'><strong>timenti¹</strong></span> 
     </span>
     <span class='ocr_line' id='line_1_3' title="bbox 421 413 1518 464; baseline 0.003 -9"><span class='ocrx_word' id='word_1_11' title='bbox 421 414 614 456; x_wconf 70' lang='lat' dir='ltr'><strong>Incidere</strong></span> <span class='ocrx_word' id='word_1_12' title='bbox 631 414 678 456; x_wconf 74' lang='lat' dir='ltr'><strong>in</strong></span> <span class='ocrx_word' id='word_1_13' title='bbox 697 421 857 457; x_wconf 74' lang='lat' dir='ltr'><strong>noctem.</strong></span> <span class='ocrx_word' id='word_1_14' title='bbox 918 413 1188 464; x_wconf 86' lang='lat' dir='ltr'><strong>Remeamus‚</strong></span> <span class='ocrx_word' id='word_1_15' title='bbox 1210 421 1254 457; x_wconf 87' lang='lat' dir='ltr'><strong>et</strong></span> <span class='ocrx_word' id='word_1_16' title='bbox 1273 414 1399 457; x_wconf 85' lang='lat' dir='ltr'><strong>altius</strong></span> <span class='ocrx_word' id='word_1_17' title='bbox 1419 421 1518 458; x_wconf 82' lang='lat' dir='ltr'><strong>ante</strong></span> 
     </span>
     <span class='ocr_line' id='line_1_4' title="bbox 427 478 1391 537; baseline 0.001 -15"><span class='ocrx_word' id='word_1_18' title='bbox 427 478 615 536; x_wconf 87' lang='lat' dir='ltr'><strong>Signatis</strong></span> <span class='ocrx_word' id='word_1_19' title='bbox 635 479 720 522; x_wconf 87' lang='lat' dir='ltr'><strong>uda</strong></span> <span class='ocrx_word' id='word_1_20' title='bbox 738 479 1020 536; x_wconf 83' lang='lat' dir='ltr'><strong>imprimimus</strong></span> <span class='ocrx_word' id='word_1_21' title='bbox 1040 480 1222 537; x_wconf 82' lang='lat' dir='ltr'><strong>vestigia</strong></span> <span class='ocrx_word' id='word_1_22' title='bbox 1240 481 1391 524; x_wconf 87' lang='lat' dir='ltr'><strong>arenis.</strong></span> 
     </span>
     <span class='ocr_line' id='line_1_5' title="bbox 423 546 1418 603; baseline 0.001 -15"><span class='ocrx_word' id='word_1_23' title='bbox 423 546 636 590; x_wconf 84' lang='lat' dir='ltr'><strong>Exuimus</strong></span> <span class='ocrx_word' id='word_1_24' title='bbox 656 554 838 598; x_wconf 88' lang='lat' dir='ltr'><strong>noctem,</strong></span> <span class='ocrx_word' id='word_1_25' title='bbox 859 547 1035 603; x_wconf 86' lang='lat' dir='ltr'><strong>diasque</strong></span> <span class='ocrx_word' id='word_1_26' title='bbox 1056 546 1292 602; x_wconf 82' lang='lat' dir='ltr'><strong>recepimus</strong></span> <span class='ocrx_word' id='word_1_27' title='bbox 1312 562 1418 590; x_wconf 83' lang='lat' dir='ltr'><strong>oras.</strong></span> 
     </span>
     <span class='ocr_line' id='line_1_6' title="bbox 425 612 1529 669; baseline 0 -14"><span class='ocrx_word' id='word_1_28' title='bbox 425 612 534 655; x_wconf 82' lang='lat' dir='ltr'><strong>Cum</strong></span> <span class='ocrx_word' id='word_1_29' title='bbox 554 613 738 664; x_wconf 82' lang='lat' dir='ltr'><strong>emersis,</strong></span> <span class='ocrx_word' id='word_1_30' title='bbox 760 620 859 656; x_wconf 88' lang='lat' dir='ltr'><strong>ante</strong></span> <span class='ocrx_word' id='word_1_31' title='bbox 880 628 964 663; x_wconf 89' lang='lat' dir='ltr'><strong>ora,</strong></span> <span class='ocrx_word' id='word_1_32' title='bbox 987 612 1076 669; x_wconf 91' lang='lat' dir='ltr'><strong>poli</strong></span> <span class='ocrx_word' id='word_1_33' title='bbox 1095 612 1234 655; x_wconf 80' lang='lat' dir='ltr'><strong>mons²</strong></span> <span class='ocrx_word' id='word_1_34' title='bbox 1255 613 1432 655; x_wconf 88' lang='lat' dir='ltr'><strong>aemulus</strong></span> <span class='ocrx_word' id='word_1_35' title='bbox 1453 612 1529 655; x_wconf 84' lang='lat' dir='ltr'><strong>alti</strong></span> 
     </span>
     <span class='ocr_line' id='line_1_7' title="bbox 425 679 1508 736; baseline 0 -14"><span class='ocrx_word' id='word_1_36' title='bbox 425 679 626 731; x_wconf 85' lang='lat' dir='ltr'><strong>Tollitur,</strong></span> <span class='ocrx_word' id='word_1_37' title='bbox 646 680 793 723; x_wconf 86' lang='lat' dir='ltr'><strong>avulso</strong></span> <span class='ocrx_word' id='word_1_38' title='bbox 813 694 999 736; x_wconf 87' lang='lat' dir='ltr'><strong>praeceps</strong></span> <span class='ocrx_word' id='word_1_39' title='bbox 1020 694 1099 722; x_wconf 88' lang='lat' dir='ltr'><strong>ceu</strong></span> <span class='ocrx_word' id='word_1_40' title='bbox 1119 679 1330 736; x_wconf 83' lang='lat' dir='ltr'><strong>fragmine</strong></span> <span class='ocrx_word' id='word_1_41' title='bbox 1351 695 1508 722; x_wconf 88' lang='lat' dir='ltr'><strong>murus.</strong></span> 
     </span>
     <span class='ocr_line' id='line_1_8' title="bbox 425 745 1516 803; baseline -0.001 -15"><span class='ocrx_word' id='word_1_42' title='bbox 425 745 625 790; x_wconf 89' lang='lat' dir='ltr'><strong>Defluere</strong></span> <span class='ocrx_word' id='word_1_43' title='bbox 644 753 853 789; x_wconf 88' lang='lat' dir='ltr'><strong>aeternum</strong></span> <span class='ocrx_word' id='word_1_44' title='bbox 874 746 1100 803; x_wconf 87' lang='lat' dir='ltr'><strong>perhibent</strong></span> <span class='ocrx_word' id='word_1_45' title='bbox 1119 761 1144 788; x_wconf 86' lang='lat' dir='ltr'>a</span> <span class='ocrx_word' id='word_1_46' title='bbox 1163 746 1323 789; x_wconf 88' lang='lat' dir='ltr'><strong>vertice</strong></span> <span class='ocrx_word' id='word_1_47' title='bbox 1343 753 1516 796; x_wconf 83' lang='lat' dir='ltr'><strong>terram,</strong></span> 
     </span>
    </p>

    <p class='ocr_par' dir='ltr' id='par_1_3' title="bbox 308 812 1703 1467">
     <span class='ocr_line' id='line_1_9' title="bbox 308 812 1502 862; baseline -0.002 -6"><span class='ocrx_word' id='word_1_48' title='bbox 308 818 393 857; x_wconf 88' lang='lat'><strong>230</strong></span> <span class='ocrx_word' id='word_1_49' title='bbox 426 812 473 854; x_wconf 90' lang='lat' dir='ltr'>N</span> <span class='ocrx_word' id='word_1_50' title='bbox 475 827 523 856; x_wconf 90' lang='grc'><strong>00</strong></span> <span class='ocrx_word' id='word_1_51' title='bbox 542 820 683 856; x_wconf 86' lang='lat' dir='ltr'><strong>tamen</strong></span> <span class='ocrx_word' id='word_1_52' title='bbox 705 812 899 854; x_wconf 89' lang='lat' dir='ltr'><strong>imminui</strong></span> <span class='ocrx_word' id='word_1_53' title='bbox 918 819 1124 855; x_wconf 82' lang='lat' dir='ltr'><strong>montem:</strong></span> <span class='ocrx_word' id='word_1_54' title='bbox 1156 812 1350 855; x_wconf 88' lang='lat' dir='ltr'><strong>mirabile</strong></span> <span class='ocrx_word' id='word_1_55' title='bbox 1370 812 1502 862; x_wconf 90' lang='lat' dir='ltr'><strong>dictu,</strong></span> 
     </span>
     <span class='ocr_line' id='line_1_10' title="bbox 427 878 1449 923; baseline -0.002 0"><span class='ocrx_word' id='word_1_56' title='bbox 427 878 655 923; x_wconf 87' lang='lat' dir='ltr'><strong>Constaret</strong></span> <span class='ocrx_word' id='word_1_57' title='bbox 675 879 710 922; x_wconf 90' lang='lat' dir='ltr'><strong>si</strong></span> <span class='ocrx_word' id='word_1_58' title='bbox 730 885 846 922; x_wconf 87' lang='lat' dir='ltr'><strong>certa</strong></span> <span class='ocrx_word' id='word_1_59' title='bbox 864 879 980 922; x_wconf 87' lang='lat' dir='ltr'><strong>fides.</strong></span> <span class='ocrx_word' id='word_1_60' title='bbox 1045 878 1130 922; x_wconf 87' lang='lat' dir='ltr'><strong>Sed</strong></span> <span class='ocrx_word' id='word_1_61' title='bbox 1150 886 1300 922; x_wconf 89' lang='lat' dir='ltr'><strong>acutus</strong></span> <span class='ocrx_word' id='word_1_62' title='bbox 1321 894 1449 922; x_wconf 89' lang='lat' dir='ltr'><strong>arena</strong></span> 
     </span>
     <span class='ocr_line' id='line_1_11' title="bbox 425 945 1579 1003; baseline -0.001 -15"><span class='ocrx_word' id='word_1_63' title='bbox 425 945 633 996; x_wconf 88' lang='lat' dir='ltr'><strong>Labente,</strong></span> <span class='ocrx_word' id='word_1_64' title='bbox 655 961 885 1003; x_wconf 87' lang='lat' dir='ltr'><strong>agnoscens</strong></span> <span class='ocrx_word' id='word_1_65' title='bbox 905 945 1097 988; x_wconf 91' lang='lat' dir='ltr'><strong>tumulus</strong></span> <span class='ocrx_word' id='word_1_66' title='bbox 1117 946 1248 988; x_wconf 86' lang='lat' dir='ltr'><strong>tacito</strong></span> <span class='ocrx_word' id='word_1_67' title='bbox 1268 946 1430 988; x_wconf 87' lang='lat' dir='ltr'><strong>indicat</strong></span> <span class='ocrx_word' id='word_1_68' title='bbox 1448 951 1579 987; x_wconf 86' lang='lat' dir='ltr'><strong>auctu</strong></span> 
     </span>
     <span class='ocr_line' id='line_1_12' title="bbox 426 1011 1557 1069; baseline -0.001 -14"><span class='ocrx_word' id='word_1_69' title='bbox 426 1011 693 1056; x_wconf 91' lang='lat' dir='ltr'><strong>Continuum</strong></span> <span class='ocrx_word' id='word_1_70' title='bbox 714 1012 828 1055; x_wconf 91' lang='lat' dir='ltr'><strong>hunc</strong></span> <span class='ocrx_word' id='word_1_71' title='bbox 847 1012 1011 1054; x_wconf 89' lang='lat' dir='ltr'><strong>fluxum</strong></span> <span class='ocrx_word' id='word_1_72' title='bbox 1033 1012 1216 1069; x_wconf 89' lang='lat' dir='ltr'><strong>primum</strong></span> <span class='ocrx_word' id='word_1_73' title='bbox 1238 1013 1412 1069; x_wconf 78' lang='lat' dir='ltr'><strong>coepisse</strong></span> <span class='ocrx_word' id='word_1_74' title='bbox 1433 1011 1557 1054; x_wconf 86' lang='lat' dir='ltr'><strong>ruina</strong></span> 
     </span>
     <span class='ocr_line' id='line_1_13' title="bbox 424 1077 1518 1135; baseline 0.002 -15"><span class='ocrx_word' id='word_1_75' title='bbox 424 1077 612 1135; x_wconf 84' lang='lat' dir='ltr'><strong>Ingenti,</strong></span> <span class='ocrx_word' id='word_1_76' title='bbox 628 1085 883 1134; x_wconf 87' lang='lat' dir='ltr'><strong>aequatoque</strong></span> <span class='ocrx_word' id='word_1_77' title='bbox 903 1079 1150 1122; x_wconf 88' lang='lat' dir='ltr'><strong>habiturum</strong></span> <span class='ocrx_word' id='word_1_78' title='bbox 1169 1080 1355 1123; x_wconf 90' lang='lat' dir='ltr'><strong>culmine</strong></span> <span class='ocrx_word' id='word_1_79' title='bbox 1375 1080 1518 1122; x_wconf 89' lang='lat' dir='ltr'><strong>finem.</strong></span> 
     </span>
     <span class='ocr_line' id='line_1_14' title="bbox 425 1144 1587 1202; baseline 0.001 -15"><span class='ocrx_word' id='word_1_80' title='bbox 425 1144 653 1200; x_wconf 82' lang='lat' dir='ltr'><strong>Quemque</strong></span> <span class='ocrx_word' id='word_1_81' title='bbox 672 1153 828 1188; x_wconf 87' lang='lat' dir='ltr'><strong>vocant</strong></span> <span class='ocrx_word' id='word_1_82' title='bbox 847 1145 918 1187; x_wconf 85' lang='lat' dir='ltr'><strong>alii</strong></span> <span class='ocrx_word' id='word_1_83' title='bbox 938 1153 1132 1202; x_wconf 89' lang='lat' dir='ltr'><strong>correpto</strong></span> <span class='ocrx_word' id='word_1_84' title='bbox 1151 1147 1323 1190; x_wconf 87' lang='lat' dir='ltr'><strong>nomine</strong></span> <span class='ocrx_word' id='word_1_85' title='bbox 1345 1146 1587 1196; x_wconf 72' lang='grc' dir='ltr'><strong>ΜΑΜ-Τοτ,</strong></span> 
     </span>
     <span class='ocr_line' id='line_1_15' title="bbox 422 1210 1703 1262; baseline 0.001 -9"><span class='ocrx_word' id='word_1_86' title='bbox 422 1211 602 1253; x_wconf 82' lang='lat' dir='ltr'><strong>Rectius</strong></span> <span class='ocrx_word' id='word_1_87' title='bbox 621 1210 735 1254; x_wconf 88' lang='lat' dir='ltr'><strong>hunc</strong></span> <span class='ocrx_word' id='word_1_88' title='bbox 755 1211 912 1254; x_wconf 89' lang='lat' dir='ltr'><strong>clivum</strong></span> <span class='ocrx_word' id='word_1_89' title='bbox 932 1211 1078 1254; x_wconf 87' lang='lat' dir='ltr'><strong>videor</strong></span> <span class='ocrx_word' id='word_1_90' title='bbox 1097 1212 1201 1254; x_wconf 90' lang='lat' dir='ltr'><strong>mihi</strong></span> <span class='ocrx_word' id='word_1_91' title='bbox 1221 1213 1359 1256; x_wconf 84' lang='lat' dir='ltr'><strong>dicere</strong></span> <span class='ocrx_word' id='word_1_92' title='bbox 1382 1213 1559 1255; x_wconf 80' lang='lat' dir='ltr'>MAIM&#39;D</span> <span class='ocrx_word' id='word_1_93' title='bbox 1580 1211 1703 1262; x_wconf 74' lang='lat' dir='ltr'><strong>Ton3</strong></span> 
     </span>
     <span class='ocr_line' id='line_1_16' title="bbox 426 1277 1547 1336; baseline 0.002 -16"><span class='ocrx_word' id='word_1_94' title='bbox 426 1277 554 1331; x_wconf 80' lang='lat' dir='ltr'><strong>Quod</strong></span> <span class='ocrx_word' id='word_1_95' title='bbox 574 1284 697 1321; x_wconf 86' lang='lat' dir='ltr'><strong>sonat</strong></span> <span class='ocrx_word' id='word_1_96' title='bbox 719 1277 973 1334; x_wconf 87' lang='lat' dir='ltr'><strong>Angligenis</strong></span> <span class='ocrx_word' id='word_1_97' title='bbox 994 1278 1124 1321; x_wconf 79' lang='lat' dir='ltr'><strong>clivus</strong></span> <span class='ocrx_word' id='word_1_98' title='bbox 1143 1280 1371 1330; x_wconf 78' lang='lat' dir='ltr'><strong>mutilatus,</strong></span> <span class='ocrx_word' id='word_1_99' title='bbox 1393 1287 1437 1322; x_wconf 87' lang='lat' dir='ltr'><strong>et</strong></span> <span class='ocrx_word' id='word_1_100' title='bbox 1457 1279 1547 1336; x_wconf 89' lang='lat' dir='ltr'><strong>ipse</strong></span> 
     </span>
     <span class='ocr_line' id='line_1_17' title="bbox 424 1344 1483 1401; baseline 0.002 -15"><span class='ocrx_word' id='word_1_101' title='bbox 424 1344 554 1387; x_wconf 91' lang='lat' dir='ltr'><strong>Mons</strong></span> <span class='ocrx_word' id='word_1_102' title='bbox 573 1359 729 1387; x_wconf 91' lang='lat' dir='ltr'><strong>nomen</strong></span> <span class='ocrx_word' id='word_1_103' title='bbox 748 1359 903 1400; x_wconf 85' lang='lat' dir='ltr'><strong>magna</strong></span> <span class='ocrx_word' id='word_1_104' title='bbox 922 1344 1145 1387; x_wconf 85' lang='lat' dir='ltr'><strong>mutilatus</strong></span> <span class='ocrx_word' id='word_1_105' title='bbox 1166 1352 1286 1401; x_wconf 88' lang='lat' dir='ltr'><strong>parte</strong></span> <span class='ocrx_word' id='word_1_106' title='bbox 1307 1345 1483 1388; x_wconf 75' lang='lat' dir='ltr'><strong>fatetur,</strong></span> 
     </span>
     <span class='ocr_line' id='line_1_18' title="bbox 425 1409 1576 1467; baseline 0.001 -15"><span class='ocrx_word' id='word_1_107' title='bbox 425 1409 742 1467; x_wconf 86' lang='lat' dir='ltr'><strong>Progredimur,</strong></span> <span class='ocrx_word' id='word_1_108' title='bbox 762 1409 874 1453; x_wconf 83' lang='lat' dir='ltr'><strong>versi</strong></span> <span class='ocrx_word' id='word_1_109' title='bbox 894 1409 947 1452; x_wconf 85' lang='lat' dir='ltr'><strong>ad</strong></span> <span class='ocrx_word' id='word_1_110' title='bbox 966 1409 1127 1461; x_wconf 82' lang='lat' dir='ltr'><strong>laevam‚</strong></span> <span class='ocrx_word' id='word_1_111' title='bbox 1149 1410 1234 1452; x_wconf 92' lang='lat' dir='ltr'><strong>duo</strong></span> <span class='ocrx_word' id='word_1_112' title='bbox 1253 1410 1386 1453; x_wconf 85' lang='lat' dir='ltr'><strong>millia</strong></span> <span class='ocrx_word' id='word_1_113' title='bbox 1405 1426 1576 1467; x_wconf 85' lang='lat' dir='ltr'><strong>passum</strong></span> 
     </span>
    </p>

    <p class='ocr_par' dir='ltr' id='par_1_4' title="bbox 306 1475 1605 1726">
     <span class='ocr_line' id='line_1_19' title="bbox 306 1475 1605 1533; baseline 0 -14"><span class='ocrx_word' id='word_1_114' title='bbox 306 1486 391 1524; x_wconf 85' lang='lat'><strong>240</strong></span> <span class='ocrx_word' id='word_1_115' title='bbox 427 1476 503 1519; x_wconf 92' lang='lat' dir='ltr'><strong>Ad</strong></span> <span class='ocrx_word' id='word_1_116' title='bbox 522 1482 684 1533; x_wconf 85' lang='lat' dir='ltr'><strong>septam</strong></span> <span class='ocrx_word' id='word_1_117' title='bbox 704 1475 849 1526; x_wconf 86' lang='lat' dir='ltr'><strong>muris,</strong></span> <span class='ocrx_word' id='word_1_118' title='bbox 871 1475 1114 1531; x_wconf 86' lang='lat' dir='ltr'><strong>dictamque</strong></span> <span class='ocrx_word' id='word_1_119' title='bbox 1135 1476 1225 1519; x_wconf 90' lang='lat' dir='ltr'><strong>sine</strong></span> <span class='ocrx_word' id='word_1_120' title='bbox 1245 1478 1394 1520; x_wconf 86' lang='lat' dir='ltr'><strong>arbore</strong></span> <span class='ocrx_word' id='word_1_121' title='bbox 1416 1476 1605 1532; x_wconf 61' lang='lat' dir='ltr'><strong>Sylvanffl</strong></span> 
     </span>
     <span class='ocr_line' id='line_1_20' title="bbox 425 1541 1450 1586; baseline 0.001 -1"><span class='ocrx_word' id='word_1_122' title='bbox 425 1543 671 1585; x_wconf 75' lang='lat' dir='ltr'><strong>Peccanam.</strong></span> <span class='ocrx_word' id='word_1_123' title='bbox 733 1541 894 1586; x_wconf 83' lang='lat' dir='ltr'><strong>Cervos</strong></span> <span class='ocrx_word' id='word_1_124' title='bbox 914 1542 1040 1585; x_wconf 90' lang='lat' dir='ltr'><strong>nudis</strong></span> <span class='ocrx_word' id='word_1_125' title='bbox 1059 1542 1104 1584; x_wconf 94' lang='lat' dir='ltr'><strong>in</strong></span> <span class='ocrx_word' id='word_1_126' title='bbox 1124 1542 1341 1585; x_wconf 91' lang='lat' dir='ltr'><strong>montibus</strong></span> <span class='ocrx_word' id='word_1_127' title='bbox 1360 1542 1450 1586; x_wconf 88' lang='lat' dir='ltr'><strong>urit</strong></span> 
     </span>
     <span class='ocr_line' id='line_1_21' title="bbox 425 1607 1456 1666; baseline 0 -15"><span class='ocrx_word' id='word_1_128' title='bbox 425 1609 556 1652; x_wconf 85' lang='lat' dir='ltr'><strong>Acris</strong></span> <span class='ocrx_word' id='word_1_129' title='bbox 575 1608 738 1666; x_wconf 87' lang='lat' dir='ltr'><strong>hyems,</strong></span> <span class='ocrx_word' id='word_1_130' title='bbox 760 1608 879 1651; x_wconf 88' lang='lat' dir='ltr'><strong>nulla</strong></span> <span class='ocrx_word' id='word_1_131' title='bbox 898 1614 1035 1651; x_wconf 87' lang='lat' dir='ltr'><strong>tectos</strong></span> <span class='ocrx_word' id='word_1_132' title='bbox 1055 1624 1080 1651; x_wconf 88' lang='lat' dir='ltr'>a</span> <span class='ocrx_word' id='word_1_133' title='bbox 1099 1607 1258 1665; x_wconf 86' lang='lat' dir='ltr'><strong>frigore</strong></span> <span class='ocrx_word' id='word_1_134' title='bbox 1278 1609 1456 1660; x_wconf 83' lang='lat' dir='ltr'><strong>fronde3</strong></span> 
     </span>
     <span class='ocr_line' id='line_1_22' title="bbox 428 1674 1406 1726; baseline -0.001 -7"><span class='ocrx_word' id='word_1_135' title='bbox 428 1675 549 1719; x_wconf 85' lang='lat' dir='ltr'><strong>Sicca</strong></span> <span class='ocrx_word' id='word_1_136' title='bbox 567 1682 706 1726; x_wconf 83' lang='lat' dir='ltr'><strong>aestas,</strong></span> <span class='ocrx_word' id='word_1_137' title='bbox 728 1675 847 1717; x_wconf 87' lang='lat' dir='ltr'><strong>nulla</strong></span> <span class='ocrx_word' id='word_1_138' title='bbox 866 1681 1002 1718; x_wconf 91' lang='lat' dir='ltr'><strong>tectos</strong></span> <span class='ocrx_word' id='word_1_139' title='bbox 1022 1690 1048 1717; x_wconf 87' lang='lat' dir='ltr'>a</span> <span class='ocrx_word' id='word_1_140' title='bbox 1067 1674 1225 1718; x_wconf 89' lang='lat' dir='ltr'><strong>solibus</strong></span> <span class='ocrx_word' id='word_1_141' title='bbox 1244 1676 1406 1718; x_wconf 83' lang='lat' dir='ltr'><strong>umbra.</strong></span> 
     </span>
    </p>

    <p class='ocr_par' dir='ltr' id='par_1_5' title="bbox 428 1741 1556 1793">
     <span class='ocr_line' id='line_1_23' title="bbox 428 1741 1556 1793; baseline -0.002 -7"><span class='ocrx_word' id='word_1_142' title='bbox 428 1741 552 1786; x_wconf 84' lang='lat' dir='ltr'><strong>Saeva</strong></span> <span class='ocrx_word' id='word_1_143' title='bbox 570 1741 803 1792; x_wconf 90' lang='lat' dir='ltr'><strong>hominum,</strong></span> <span class='ocrx_word' id='word_1_144' title='bbox 826 1741 1002 1784; x_wconf 88' lang='lat' dir='ltr'><strong>canibus</strong></span> <span class='ocrx_word' id='word_1_145' title='bbox 1022 1741 1158 1793; x_wconf 88' lang='lat' dir='ltr'><strong>sociis,</strong></span> <span class='ocrx_word' id='word_1_146' title='bbox 1180 1741 1353 1784; x_wconf 86' lang='lat' dir='ltr'><strong>lascivia</strong></span> <span class='ocrx_word' id='word_1_147' title='bbox 1371 1741 1556 1791; x_wconf 87' lang='lat' dir='ltr'><strong>multos;</strong></span> 
     </span>
    </p>

    <p class='ocr_par' dir='ltr' id='par_1_6' title="bbox 426 1807 1415 1859">
     <span class='ocr_line' id='line_1_24' title="bbox 426 1807 1415 1859; baseline -0.001 -8"><span class='ocrx_word' id='word_1_148' title='bbox 426 1808 593 1851; x_wconf 92' lang='lat' dir='ltr'><strong>Multos</strong></span> <span class='ocrx_word' id='word_1_149' title='bbox 613 1823 725 1851; x_wconf 86' lang='lat' dir='ltr'><strong>saeva</strong></span> <span class='ocrx_word' id='word_1_150' title='bbox 744 1815 869 1851; x_wconf 86' lang='lat' dir='ltr'><strong>necat</strong></span> <span class='ocrx_word' id='word_1_151' title='bbox 888 1808 995 1851; x_wconf 86' lang='lat' dir='ltr'><strong>varii</strong></span> <span class='ocrx_word' id='word_1_152' title='bbox 1015 1807 1288 1850; x_wconf 85' lang='lat' dir='ltr'><strong>inclementia</strong></span> <span class='ocrx_word' id='word_1_153' title='bbox 1307 1808 1415 1859; x_wconf 85' lang='lat' dir='ltr'><strong>coeli,</strong></span> 
     </span>
    </p>

    <p class='ocr_par' dir='ltr' id='par_1_7' title="bbox 425 1873 1617 1931">
     <span class='ocr_line' id='line_1_25' title="bbox 425 1873 1617 1931; baseline -0.001 -14"><span class='ocrx_word' id='word_1_154' title='bbox 425 1874 487 1917; x_wconf 86' lang='lat' dir='ltr'><strong>Et</strong></span> <span class='ocrx_word' id='word_1_155' title='bbox 507 1875 630 1918; x_wconf 85' lang='lat' dir='ltr'><strong>fovea</strong></span> <span class='ocrx_word' id='word_1_156' title='bbox 649 1876 848 1918; x_wconf 85' lang='lat' dir='ltr'><strong>absorbet</strong></span> <span class='ocrx_word' id='word_1_157' title='bbox 868 1890 955 1918; x_wconf 90' lang='lat' dir='ltr'><strong>non</strong></span> <span class='ocrx_word' id='word_1_158' title='bbox 974 1889 1172 1931; x_wconf 88' lang='lat' dir='ltr'><strong>magnam</strong></span> <span class='ocrx_word' id='word_1_159' title='bbox 1192 1873 1420 1916; x_wconf 55' lang='lat' dir='ltr'><strong>Ennmvw</strong></span> <span class='ocrx_word' id='word_1_160' title='bbox 1441 1879 1617 1931; x_wconf 81' lang='lat' dir='ltr'><strong>partem.</strong></span> 
     </span>
    </p>

    <p class='ocr_par' dir='ltr' id='par_1_8' title="bbox 424 1940 1306 1991">
     <span class='ocr_line' id='line_1_26' title="bbox 424 1940 1306 1991; baseline 0 -8"><span class='ocrx_word' id='word_1_161' title='bbox 424 1941 508 1983; x_wconf 88' lang='lat' dir='ltr'><strong>Est</strong></span> <span class='ocrx_word' id='word_1_162' title='bbox 522 1956 572 1984; x_wconf 83' lang='lat' dir='ltr'><strong>ea</strong></span> <span class='ocrx_word' id='word_1_163' title='bbox 590 1940 791 1984; x_wconf 83' lang='lat' dir='ltr'><strong>terribilis</strong></span> <span class='ocrx_word' id='word_1_164' title='bbox 812 1940 950 1983; x_wconf 88' lang='lat' dir='ltr'><strong>scissae</strong></span> <span class='ocrx_word' id='word_1_165' title='bbox 968 1940 1132 1983; x_wconf 89' lang='lat' dir='ltr'><strong>telluris</strong></span> <span class='ocrx_word' id='word_1_166' title='bbox 1153 1940 1306 1991; x_wconf 86' lang='lat' dir='ltr'><strong>hiatus,</strong></span> 
     </span>
    </p>

    <p class='ocr_par' dir='ltr' id='par_1_9' title="bbox 427 2004 1823 2130">
     <span class='ocr_line' id='line_1_27' title="bbox 427 2004 1823 2065; baseline -0.001 -15"><span class='ocrx_word' id='word_1_167' title='bbox 427 2007 568 2062; x_wconf 83' lang='lat' dir='ltr'><strong>Quem</strong></span> <span class='ocrx_word' id='word_1_168' title='bbox 583 2007 712 2065; x_wconf 85' lang='lat' dir='ltr'><strong>digne</strong></span> <span class='ocrx_word' id='word_1_169' title='bbox 727 2014 778 2050; x_wconf 94' lang='lat' dir='ltr'><strong>ut</strong></span> <span class='ocrx_word' id='word_1_170' title='bbox 793 2023 1033 2058; x_wconf 89' lang='lat' dir='ltr'><strong>memorem,</strong></span> <span class='ocrx_word' id='word_1_171' title='bbox 1050 2015 1244 2050; x_wconf 85' lang='lat' dir='ltr'><strong>veterum</strong></span> <span class='ocrx_word' id='word_1_172' title='bbox 1259 2006 1449 2062; x_wconf 87' lang='lat' dir='ltr'><strong>undique</strong></span> <span class='ocrx_word' id='word_1_173' title='bbox 1464 2019 1648 2049; x_wconf 85' lang='lat' dir='ltr'><strong>convoco</strong></span> <span class='ocrx_word' id='word_1_174' title='bbox 1662 2004 1823 2048; x_wconf 79' lang='lat' dir='ltr'><strong>frustra</strong></span> 
     </span>
     <span class='ocr_line' id='line_1_28' title="bbox 428 2074 1414 2130; baseline -0.003 -12"><span class='ocrx_word' id='word_1_175' title='bbox 428 2074 669 2118; x_wconf 88' lang='lat' dir='ltr'><strong>Concilium</strong></span> <span class='ocrx_word' id='word_1_176' title='bbox 687 2092 698 2124; x_wconf 83' lang='lat'><em>3</em></span> <span class='ocrx_word' id='word_1_177' title='bbox 732 2090 830 2117; x_wconf 91' lang='lat' dir='ltr'><strong>nam</strong></span> <span class='ocrx_word' id='word_1_178' title='bbox 850 2074 937 2117; x_wconf 85' lang='lat' dir='ltr'><strong>tale</strong></span> <span class='ocrx_word' id='word_1_179' title='bbox 956 2074 1064 2116; x_wconf 88' lang='lat' dir='ltr'><strong>nihil</strong></span> <span class='ocrx_word' id='word_1_180' title='bbox 1084 2074 1246 2117; x_wconf 85' lang='lat' dir='ltr'><strong>finxere</strong></span> <span class='ocrx_word' id='word_1_181' title='bbox 1267 2080 1414 2130; x_wconf 89' lang='lat' dir='ltr'><strong>poetae.</strong></span> 
     </span>
    </p>

    <p class='ocr_par' dir='ltr' id='par_1_10' title="bbox 308 2137 1819 2330">
     <span class='ocr_line' id='line_1_29' title="bbox 308 2137 1819 2197; baseline -0.002 -14"><span class='ocrx_word' id='word_1_182' title='bbox 308 2151 394 2191; x_wconf 83' lang='lat'><strong>250</strong></span> <span class='ocrx_word' id='word_1_183' title='bbox 428 2141 703 2184; x_wconf 85' lang='lat' dir='ltr'><strong>Tentandum</strong></span> <span class='ocrx_word' id='word_1_184' title='bbox 722 2147 877 2183; x_wconf 89' lang='lat' dir='ltr'><strong>tamen.</strong></span> <span class='ocrx_word' id='word_1_185' title='bbox 938 2140 1000 2183; x_wconf 85' lang='lat' dir='ltr'><strong>Et</strong></span> <span class='ocrx_word' id='word_1_186' title='bbox 1018 2140 1203 2197; x_wconf 87' lang='lat' dir='ltr'><strong>primum</strong></span> <span class='ocrx_word' id='word_1_187' title='bbox 1224 2155 1352 2195; x_wconf 83' lang='lat' dir='ltr'><strong>quam</strong></span> <span class='ocrx_word' id='word_1_188' title='bbox 1372 2139 1551 2182; x_wconf 83' lang='lat' dir='ltr'><strong>formam</strong></span> <span class='ocrx_word' id='word_1_189' title='bbox 1571 2137 1700 2181; x_wconf 77' lang='lat' dir='ltr'><strong>habet</strong></span> <span class='ocrx_word' id='word_1_190' title='bbox 1719 2137 1819 2189; x_wconf 88' lang='lat' dir='ltr'><strong>oris,</strong></span> 
     </span>
     <span class='ocr_line' id='line_1_30' title="bbox 428 2205 1542 2263; baseline -0.002 -13"><span class='ocrx_word' id='word_1_191' title='bbox 428 2207 558 2250; x_wconf 81' lang='lat' dir='ltr'><strong>Musa</strong></span> <span class='ocrx_word' id='word_1_192' title='bbox 576 2207 714 2258; x_wconf 85' lang='lat' dir='ltr'><strong>refer3</strong></span> <span class='ocrx_word' id='word_1_193' title='bbox 746 2207 894 2250; x_wconf 84' lang='lat' dir='ltr'><strong>formae</strong></span> <span class='ocrx_word' id='word_1_194' title='bbox 915 2206 1042 2250; x_wconf 88' lang='lat' dir='ltr'><strong>simili</strong></span> <span class='ocrx_word' id='word_1_195' title='bbox 1062 2206 1317 2263; x_wconf 90' lang='lat' dir='ltr'><strong>componito.</strong></span> <span class='ocrx_word' id='word_1_196' title='bbox 1378 2205 1542 2261; x_wconf 82' lang='lat' dir='ltr'><strong>Magno</strong></span> 
     </span>
     <span class='ocr_line' id='line_1_31' title="bbox 428 2272 1513 2330; baseline -0.004 -14"><span class='ocrx_word' id='word_1_197' title='bbox 428 2273 545 2316; x_wconf 86' lang='lat' dir='ltr'><strong>Nam</strong></span> <span class='ocrx_word' id='word_1_198' title='bbox 565 2280 686 2330; x_wconf 88' lang='lat' dir='ltr'><strong>potes</strong></span> <span class='ocrx_word' id='word_1_199' title='bbox 706 2273 899 2329; x_wconf 83' lang='lat' dir='ltr'><strong>exemplo</strong></span> <span class='ocrx_word' id='word_1_200' title='bbox 920 2272 1060 2329; x_wconf 81' lang='lat' dir='ltr'><strong>parvis</strong></span> <span class='ocrx_word' id='word_1_201' title='bbox 1081 2287 1330 2328; x_wconf 88' lang='lat' dir='ltr'><strong>componere</strong></span> <span class='ocrx_word' id='word_1_202' title='bbox 1349 2286 1513 2328; x_wconf 82' lang='lat' dir='ltr'><strong>magna.</strong></span> 
     </span>
    </p>

    <p class='ocr_par' dir='ltr' id='par_1_11' title="bbox 428 2337 1512 2590">
     <span class='ocr_line' id='line_1_32' title="bbox 429 2337 1512 2389; baseline -0.004 -7"><span class='ocrx_word' id='word_1_203' title='bbox 429 2339 513 2383; x_wconf 92' lang='lat' dir='ltr'><strong>Dic</strong></span> <span class='ocrx_word' id='word_1_204' title='bbox 532 2339 703 2382; x_wconf 84' lang='lat' dir='ltr'><strong>tandem</strong></span> <span class='ocrx_word' id='word_1_205' title='bbox 721 2357 732 2389; x_wconf 91' lang='lat'>;</span> <span class='ocrx_word' id='word_1_206' title='bbox 757 2339 825 2381; x_wconf 83' lang='lat' dir='ltr'><strong>dio</strong></span> <span class='ocrx_word' id='word_1_207' title='bbox 844 2338 1050 2382; x_wconf 89' lang='lat' dir='ltr'><strong>submisse</strong></span> <span class='ocrx_word' id='word_1_208' title='bbox 1070 2337 1147 2380; x_wconf 88' lang='lat' dir='ltr'><strong>soli</strong></span> <span class='ocrx_word' id='word_1_209' title='bbox 1167 2337 1271 2379; x_wconf 89' lang='lat' dir='ltr'><strong>mihi</strong></span> <span class='ocrx_word' id='word_1_210' title='bbox 1291 2337 1335 2379; x_wconf 92' lang='lat' dir='ltr'><strong>in</strong></span> <span class='ocrx_word' id='word_1_211' title='bbox 1355 2351 1512 2379; x_wconf 88' lang='lat' dir='ltr'><strong>aurem.</strong></span> 
     </span>
     <span class='ocr_line' id='line_1_33' title="bbox 431 2403 1453 2460; baseline -0.003 -11"><span class='ocrx_word' id='word_1_212' title='bbox 431 2405 606 2450; x_wconf 80' lang='lat' dir='ltr'><strong>Obticet</strong></span> <span class='ocrx_word' id='word_1_213' title='bbox 625 2404 845 2447; x_wconf 77' lang='lat' dir='ltr'><strong>obscoenae⁵</strong></span> <span class='ocrx_word' id='word_1_214' title='bbox 860 2404 941 2447; x_wconf 88' lang='lat' dir='ltr'><strong>sibi</strong></span> <span class='ocrx_word' id='word_1_215' title='bbox 961 2403 1128 2447; x_wconf 86' lang='lat' dir='ltr'><strong>conscia</strong></span> <span class='ocrx_word' id='word_1_216' title='bbox 1147 2403 1268 2460; x_wconf 88' lang='lat' dir='ltr'><strong>virgo</strong></span> <span class='ocrx_word' id='word_1_217' title='bbox 1287 2403 1453 2459; x_wconf 84' lang='lat' dir='ltr'><strong>figurae.</strong></span> 
     </span>
     <span class='ocr_line' id='line_1_34' title="bbox 429 2469 1390 2527; baseline -0.005 -12"><span class='ocrx_word' id='word_1_218' title='bbox 429 2472 484 2515; x_wconf 92' lang='lat' dir='ltr'><strong>In</strong></span> <span class='ocrx_word' id='word_1_219' title='bbox 503 2472 634 2514; x_wconf 84' lang='lat' dir='ltr'><strong>latere</strong></span> <span class='ocrx_word' id='word_1_220' title='bbox 654 2471 822 2514; x_wconf 88' lang='lat' dir='ltr'><strong>herbosi</strong></span> <span class='ocrx_word' id='word_1_221' title='bbox 841 2471 972 2520; x_wconf 89' lang='lat' dir='ltr'><strong>collis,</strong></span> <span class='ocrx_word' id='word_1_222' title='bbox 994 2469 1211 2527; x_wconf 81' lang='lat' dir='ltr'><strong>pascentia</strong></span> <span class='ocrx_word' id='word_1_223' title='bbox 1230 2469 1390 2512; x_wconf 88' lang='lat' dir='ltr'><strong>circum</strong></span> 
     </span>
     <span class='ocr_line' id='line_1_35' title="bbox 428 2534 1477 2590; baseline -0.006 -8"><span class='ocrx_word' id='word_1_224' title='bbox 428 2538 679 2582; x_wconf 88' lang='lat' dir='ltr'><strong>Destituens</strong></span> <span class='ocrx_word' id='word_1_225' title='bbox 700 2543 890 2579; x_wconf 84' lang='lat' dir='ltr'><strong>armenta</strong></span> <span class='ocrx_word' id='word_1_226' title='bbox 910 2536 1060 2586; x_wconf 88' lang='lat' dir='ltr'><strong>solum,</strong></span> <span class='ocrx_word' id='word_1_227' title='bbox 1078 2536 1270 2590; x_wconf 85' lang='lat' dir='ltr'><strong>rimaque</strong></span> <span class='ocrx_word' id='word_1_228' title='bbox 1291 2534 1477 2577; x_wconf 88' lang='lat' dir='ltr'><strong>secundo</strong></span> 
     </span>
    </p>
   </div>
   <div class='ocr_carea' id='block_1_3' title="bbox 430 2701 1820 2908">
    <p class='ocr_par' dir='ltr' id='par_1_12' title="bbox 430 2701 1820 2797">
     <span class='ocr_line' id='line_1_36' title="bbox 477 2701 1647 2749; baseline -0.005 -9"><span class='ocrx_word' id='word_1_229' title='bbox 477 2706 487 2726; x_wconf 85' lang='lat'>¹</span> <span class='ocrx_word' id='word_1_230' title='bbox 506 2705 654 2740; x_wconf 83' lang='lat' dir='ltr'><strong>Noctem</strong></span> <span class='ocrx_word' id='word_1_231' title='bbox 669 2704 788 2739; x_wconf 83' lang='lat' dir='ltr'><strong>timuit</strong></span> <span class='ocrx_word' id='word_1_232' title='bbox 804 2704 838 2738; x_wconf 89' lang='lat' dir='ltr'><strong>in</strong></span> <span class='ocrx_word' id='word_1_233' title='bbox 856 2703 1023 2749; x_wconf 83' lang='lat' dir='ltr'><strong>spelunca</strong></span> <span class='ocrx_word' id='word_1_234' title='bbox 1039 2708 1088 2738; x_wconf 86' lang='lat' dir='ltr'><strong>te·</strong></span> <span class='ocrx_word' id='word_1_235' title='bbox 1182 2705 1193 2723; x_wconf 84' lang='lat'><strong>⁴</strong></span> <span class='ocrx_word' id='word_1_236' title='bbox 1214 2702 1327 2737; x_wconf 84' lang='lat' dir='ltr'><strong>Elden</strong></span> <span class='ocrx_word' id='word_1_237' title='bbox 1344 2702 1431 2736; x_wconf 85' lang='lat' dir='ltr'><strong>bole.</strong></span> <span class='ocrx_word' id='word_1_238' title='bbox 1451 2701 1580 2736; x_wconf 84' lang='lat' dir='ltr'><strong>Mirab.</strong></span> <span class='ocrx_word' id='word_1_239' title='bbox 1600 2711 1647 2735; x_wconf 80' lang='grc' dir='ltr'><strong>ιν.</strong></span> 
     </span>
     <span class='ocr_line' id='line_1_37' title="bbox 430 2755 1820 2797; baseline -0.004 -1"><span class='ocrx_word' id='word_1_240' title='bbox 430 2761 671 2797; x_wconf 77' lang='lat' dir='ltr'><strong>nebrosissima</strong></span> <span class='ocrx_word' id='word_1_241' title='bbox 687 2760 695 2794; x_wconf 92' lang='lat'>!</span> <span class='ocrx_word' id='word_1_242' title='bbox 743 2758 958 2794; x_wconf 81' lang='lat' dir='ltr'><strong>Ridiculum.</strong></span> <span class='ocrx_word' id='word_1_243' title='bbox 1183 2757 1196 2775; x_wconf 78' lang='lat'>⁵</span> <span class='ocrx_word' id='word_1_244' title='bbox 1216 2758 1280 2793; x_wconf 79' lang='lat' dir='ltr'><strong>Est</strong></span> <span class='ocrx_word' id='word_1_245' title='bbox 1295 2758 1386 2792; x_wconf 84' lang='lat' dir='ltr'><strong>cuim</strong></span> <span class='ocrx_word' id='word_1_246' title='bbox 1399 2757 1504 2792; x_wconf 78' lang='lat' dir='ltr'><strong>foveae</strong></span> <span class='ocrx_word' id='word_1_247' title='bbox 1518 2755 1674 2792; x_wconf 77' lang='lat' dir='ltr'><strong>ossuum</strong></span> <span class='ocrx_word' id='word_1_248' title='bbox 1688 2765 1820 2791; x_wconf 85' lang='lat' dir='ltr'><strong>cunno-</strong></span> 
     </span>
    </p>

    <p class='ocr_par' dir='ltr' id='par_1_13' title="bbox 479 2812 1251 2851">
     <span class='ocr_line' id='line_1_38' title="bbox 479 2812 1251 2851; baseline -0.005 0"><span class='ocrx_word' id='word_1_249' title='bbox 479 2817 493 2838; x_wconf 80' lang='lat'>2</span> <span class='ocrx_word' id='word_1_250' title='bbox 510 2815 706 2851; x_wconf 85' lang='lat' dir='ltr'><strong>Mam-Tor.</strong></span> <span class='ocrx_word' id='word_1_251' title='bbox 756 2814 883 2850; x_wconf 81' lang='lat' dir='ltr'><strong>Mirab.</strong></span> <span class='ocrx_word' id='word_1_252' title='bbox 902 2825 957 2849; x_wconf 85' lang='grc'><strong>111.</strong></span> <span class='ocrx_word' id='word_1_253' title='bbox 1147 2812 1251 2848; x_wconf 83' lang='lat' dir='ltr'><strong>eides.</strong></span> 
     </span>
    </p>

    <p class='ocr_par' dir='ltr' id='par_1_14' title="bbox 479 2870 728 2908">
     <span class='ocr_line' id='line_1_39' title="bbox 479 2870 728 2908; baseline -0.012 0"><span class='ocrx_word' id='word_1_254' title='bbox 479 2871 492 2889; x_wconf 82' lang='lat'>⁸</span> <span class='ocrx_word' id='word_1_255' title='bbox 509 2871 601 2908; x_wconf 80' lang='lat' dir='ltr'><strong>Peak</strong></span> <span class='ocrx_word' id='word_1_256' title='bbox 617 2870 728 2906; x_wconf 79' lang='lat' dir='ltr'><strong>forest.</strong></span> 
     </span>
    </p>
   </div>
  </div>
 </body>
</html>
