1898 3230
457 246 719 282 ROSBTUM
742 243 1171 279 GROMBTRICUM.
1448 233 1506 275 13

120 358 284 408 Ducta
305 373 423 422 ergo
447 357 524 406 Ale
545 365 745 407 secante
768 371 938 405 arcum
962 354 1043 403 ΟΕ
1067 353 1191 415 inb,
1209 352 1301 401 erit
1326 352 1511 401 chorda
1563 368 1676 395 nor.
1697 367 1756 395 m.

122 434 199 484 Bk
220 433 285 482 ad
308 433 544 482 chordam
568 433 639 482 Ch
663 440 720 481 ut
743 437 774 480 8
797 430 860 479 ad
880 433 927 485 7.
995 430 1058 477 Et
1079 444 1169 492 per
1193 444 1509 491 consequens,
1548 413 1763 491 mi,

122 517 335 573 quatuor
366 508 564 557 chordae
595 507 671 556 Ch
701 506 766 555 ad
801 513 1010 569 quatuor
1041 503 1251 551 chordas
1286 501 1364 568 Cg
1394 511 1462 551 ut·
1480 508 1511 552 8
1547 497 1738 536 *⁸⁸⁶¹*

122 584 189 633 ad
211 588 259 640 7.
329 584 577 642 Similiter,
601 583 643 631 si
666 582 763 631 duo
786 596 930 629 arcus
954 578 1024 628 Ch
1047 587 1098 627 et
1122 578 1199 644 Cg
1217 578 1513 637 bisecentur,

123 667 175 709 et
197 675 367 709 eorum
389 659 695 723 bisegmenta
734 657 786 705 in
817 656 1081 712 infinitum,
1113 670 1283 702 eorum
1318 654 1514 702 ehordae

123 735 328 799 singulae
350 734 415 783 ad
437 733 667 797 singulas,
696 740 842 780 erunt
865 731 916 779 in
939 731 1128 779 ratione
1154 735 1184 778 8
1212 729 1277 777 ad
1300 732 1345 783 7.
1418 729 1516 777 Sed

125 810 323 860 chordae
357 810 427 858 sie
467 815 675 872 sumptae
703 808 756 856 in
786 806 959 871 quovis
985 821 1103 854 arcu
1126 804 1376 863 infinitieS,
1400 812 1517 852 sunt

125 901 295 936 omnes
323 884 467 934 simu]
499 884 602 948 ipse
638 898 795 931 arcus.
866 881 1034 931 Quare
1073 895 1216 929 arcus
1242 877 1309 928 Oc
1343 886 1418 927 est
1453 872 1546 927 affl

125 977 295 1011 arcum
318 960 399 1009 ΟΕ
422 969 480 1007 ut
504 965 534 1008 8
558 959 622 1022 ad
646 963 691 1014 7.
744 959 810 1006 Et
832 973 976 1006 arcus
996 955 1064 1006 Cc
1082 963 1157 1005 est
1179 955 1388 1019 septima
1405 970 1519 1018 pars

124 1037 277 1087 totius
315 1035 567 1100 perimetri
599 1050 688 1098 per
712 1032 766 1083 C.
835 1033 968 1096 Ergo
1003 1031 1152 1080 ducta
1174 1039 1312 1079 recta
1334 1028 1419 1090 Cc,
1443 1038 1519 1078 est

126 1112 255 1162 latus
273 1110 543 1174 heptagoni
565 1110 616 1158 in
641 1108 824 1158 circulo
847 1123 936 1172 per
960 1107 1018 1155 C.

193 1187 356 1236 Ducta
377 1194 543 1234 autem
566 1186 641 1234 Ae
663 1184 907 1234 abscindit
930 1182 1186 1247 septimam
1219 1189 1411 1246 partem
1431 1196 1518 1245 pe-

126 1262 318 1312 rimetri
338 1277 428 1326 per
447 1261 503 1310 B.

194 1339 447 1387 Ammo.
487 1335 634 1394 Quod
665 1335 877 1383 chordas
908 1333 1132 1399 partium
1171 1348 1320 1381 arcus
1356 1331 1519 1394 irfini-
1566 1374 1574 1379 Ι

130 1414 228 1463 ties
262 1419 487 1478 sumptas
532 1411 749 1477 aequales
785 1410 924 1458 dicat
963 1425 1073 1457 esse
1107 1407 1256 1456 simul
1298 1413 1520 1471 sumptas

130 1489 234 1555 ipsi
271 1489 430 1547 arcui,
476 1486 769 1536 incredibile
809 1491 901 1533 est.
996 1485 1083 1534 Sic
1135 1483 1261 1532 enim
1306 1481 1520 1547 singula>

129 1565 324 1614 chorda»
344 1564 565 1629 oequales
600 1562 836 1611 deberent
857 1576 965 1608 esse
986 1560 1092 1608 suis
1123 1557 1355 1617 arcubus,
1387 1557 1525 1623 quod

130 1647 208 1690 est
230 1639 546 1706 impossibile.

198 1716 329 1764 Nam
360 1715 402 1763 si
437 1714 642 1779 singulae
677 1712 878 1762 chordae
914 1711 1118 1775 singulis
1154 1710 1364 1759 arcubus
1398 1723 1523 1773 quos

132 1791 438 1841 subtendunt
475 1806 576 1838 non
613 1798 730 1838 sunt
774 1787 1002 1852 aequales,
1036 1793 1245 1850 possunt
1277 1785 1349 1834 illi
1382 1799 1525 1833 arcus

133 1867 313 1931 singuli
335 1874 386 1915 et
408 1881 579 1914 eorum
602 1865 908 1928 bisegmenta
928 1878 1096 1911 rursus
1118 1861 1355 1910 bisecari:
1392 1859 1526 1924 quod

134 1949 211 1991 est
233 1949 409 1991 eontra
430 1941 752 2005 suppositum.
822 1939 1086 1987 Inventum
1122 1954 1240 2002 ergo
1282 1943 1358 1986 est
1395 1936 1526 1984 latus

133 2017 426 2083 heptagoni:
461 2016 595 2080 quod
618 2023 694 2064 est
716 2015 1034 2079 propositum.

206 2093 428 2142 Consect.
455 2093 487 2140 i.
526 2093 600 2140 Ex
626 2092 719 2141 hae
760 2089 1176 2139 demonstratione
1199 2094 1406 2153 apparet
1427 2102 1526 2136 me-

135 2168 319 2220 thodus
358 2167 640 2216 inveniendi
679 2175 870 2230 partem
911 2166 1170 2229 septimam
1209 2163 1376 2227 anguli
1407 2162 1526 2211 dati.

136 2245 268 2294 Nam
290 2244 355 2293 ad
376 2258 520 2292 arcus
543 2242 646 2291 dati
669 2250 928 2305 utrumque
950 2241 1215 2290 terminum
1238 2239 1281 2287 si
1303 2255 1335 2287 a
1356 2246 1528 2286 centro

137 2320 310 2370 circuli
330 2319 576 2368 ducantur
610 2318 753 2366 lineae
781 2325 945 2376 rectae,
970 2316 1147 2365 deinde
1171 2314 1530 2364 semidiameter

138 2403 332 2444 secetur
371 2393 676 2450 octofariam,
714 2401 1067 2455 sumanturque
1097 2407 1128 2439 a
1161 2397 1332 2438 centro
1362 2396 1530 2452 partes

138 2472 244 2535 ejus
266 2477 471 2534 septem,
486 2468 733 2532 descripto
750 2468 865 2516 inde
884 2467 1067 2516 circulo
1091 2466 1188 2515 erit
1210 2481 1352 2513 arcus
1374 2465 1532 2527 major

138 2545 204 2595 ad
224 2545 462 2594 minorem
486 2552 543 2592 ut
567 2550 598 2593 8
621 2543 686 2592 ad
710 2547 758 2598 7.
827 2543 994 2592 Quare
1032 2542 1129 2590 duo
1166 2556 1309 2589 arcus
1331 2539 1531 2603 majoris

139 2620 314 2670 bisecti
352 2620 417 2670 ad
448 2620 572 2669 duos
607 2635 750 2668 arcus
786 2619 989 2667 minoris
1024 2617 1215 2675 biseeti,
1250 2625 1397 2664 erunt
1418 2623 1476 2663 ut
1499 2620 1530 2662 8

141 2694 207 2744 ad
249 2699 298 2751 7.
365 2697 525 2745 Etiam
566 2711 738 2744 eorum
783 2694 981 2743 chordae
1027 2701 1174 2742 erunt
1210 2700 1265 2740 nt
1309 2697 1339 2739 8
1381 2692 1445 2738 ad
1483 2693 1528 2743 7.

143 2770 315 2834 ltaque
354 2771 464 2820 duae
498 2770 696 2820 chordae
731 2770 929 2833 majoris
969 2768 1033 2816 ad
1077 2783 1246 2816 arcum
1291 2766 1530 2814 minorem

142 2845 398 2910 applieotae
421 2846 819 2896 determinabant
855 2859 1107 2894 excessum
1130 2842 1351 2906 septimae
1374 2838 1529 2904 partis
