1982 3204
577 340 689 375 Lux
717 336 1137 372 ΜΑΤΗΕΜΛΤῙΟΑ.
1456 324 1544 376 147

162 451 516 502 nobilissimum
563 452 800 500 admissus
844 448 1008 507 fuerit,
1063 447 1147 512 qui
1195 463 1306 496 cum
1354 448 1547 511 juvenis
1564 463 1825 492 commoven-

163 527 439 592 Oughtredi
462 527 821 576 arithmeticam
845 525 1109 582 didicisset,
1124 531 1176 572 et
1192 530 1412 571 veterum
1435 540 1549 586 geo·
1599 518 1789 587 Q

162 612 430 653 metrarum
475 602 847 667 propositioneS,
885 600 988 648 sine
1033 599 1547 655 demonstrationibus,

162 679 499 744 percurrisset,
533 684 782 740 assumpta
813 674 1074 723 Cavallerii
1106 674 1332 722 doctrina
1363 673 1550 721 Indivi-

162 753 397 813 sibilium,
422 769 568 817 quam
592 768 690 800 non
714 751 968 810 intellexit,
993 767 1052 799 ea
1082 751 1351 799 instructus
1392 751 1550 813 supel-

164 828 328 877 lectile
366 829 431 877 ad
469 828 849 893 professoratum
890 826 1172 890 geometriae
1219 826 1372 874 totius
1418 826 1549 906 orbxis

164 904 486 953 clarissimum
526 903 776 967 aspiravit,
813 902 1124 966 partiumque
1163 901 1330 950 favore
1368 917 1551 965 praeva-

163 979 370 1029 lentium
393 979 619 1037 obtinuit,
639 987 688 1027 et
712 978 1018 1042 quorundam
1042 978 1380 1026 characterum
1403 977 1551 1039 vulgo

164 1054 528 1118 incognitorum
564 1053 826 1117 praestigiis
856 1068 1036 1100 nomen
1065 1052 1279 1100 obtinuit
1301 1051 1431 1115 apud
1455 1051 1553 1099 dis-

165 1129 351 1193 cipulos
385 1137 437 1177 et
467 1128 828 1192 condiscipulos
861 1144 973 1176 suos
1003 1135 1052 1176 et
1074 1127 1250 1192 vulgus
1273 1127 1552 1191 imperitum

162 1205 444 1270 peritissimi
478 1212 757 1268 geometrae,
783 1204 1045 1268 docuitque
1078 1220 1194 1262 non,
1218 1211 1274 1252 ut
1302 1219 1391 1268 per
1414 1203 1552 1251 insti-

162 1281 406 1330 tutionem
429 1280 614 1339 debuit,
640 1280 856 1328 Euclidis
879 1280 1216 1344 geometriam,
1252 1279 1338 1327 sed
1369 1279 1444 1326 sui
1479 1279 1553 1341 ip-

163 1355 263 1405 sius
306 1363 527 1404 monstra
571 1363 622 1403 et
667 1355 854 1403 deliria.
926 1356 966 1402 A
1010 1355 1186 1418 quibus
1224 1371 1335 1403 cum
1370 1354 1566 1417 scripta-

166 1431 405 1480 Hobbesii
443 1430 776 1489 dissentirent,
802 1431 986 1494 scripto
1011 1429 1246 1489 Elem-ho,
1279 1429 1552 1478 rusticitate

165 1516 218 1556 et
239 1507 549 1566 scurrilitate,
573 1506 626 1555 id
648 1514 723 1555 est
749 1507 1012 1554 stultorum
1036 1506 1241 1564 facetiis,
1267 1505 1477 1563 differto,
1501 1506 1553 1553 in

165 1581 304 1630 illum
347 1582 609 1638 invehitur,
654 1583 835 1646 partim
882 1582 1078 1646 ingenio
1124 1598 1227 1640 suo,
1273 1582 1453 1645 partim
1492 1581 1553 1628 ab

168 1656 406 1705 Hobbesii
429 1673 551 1721 quos
574 1657 675 1705 dixi
706 1657 915 1705 inimicis
946 1657 1204 1705 animatus.
1275 1657 1554 1705 Hobbesius

165 1739 332 1780 antem
372 1747 463 1780 nec
502 1732 626 1780 lucri
659 1748 750 1779 nec
787 1732 960 1795 gratiae
997 1748 1157 1788 causa,
1194 1731 1279 1780 sed
1310 1731 1554 1780 scribendi

167 1806 273 1856 solo
309 1823 476 1855 amore
517 1807 726 1871 scripsit,
763 1824 873 1871 quae
913 1808 1122 1871 scripsit,
1162 1807 1342 1856 omnia.
1416 1807 1554 1855 Talia

165 1891 332 1931 autem
355 1892 485 1941 sunt,
512 1891 571 1930 ut
609 1898 702 1930 nec
739 1893 858 1931 aetas
894 1883 1030 1946 prior
1069 1883 1257 1946 majora
1278 1882 1418 1940 vidit,
1445 1898 1553 1938 nec,

166 1966 406 2022 quantum
429 1958 655 2022 conjicio,
681 1958 848 2006 futura
878 1958 1152 2007 confutabit
1175 1966 1260 2007 aut
1283 1958 1552 2022 extinguet.

479 2106 554 2139 AD
585 2106 867 2140 LECTORES
902 2106 1240 2141 ADMONITIO.

236 2183 528 2243 HabuimuS,
554 2183 759 2232 studiosi
789 2183 1015 2242 lectores,
1040 2184 1354 2233 scientiarum
1382 2185 1554 2233 huma—

167 2274 359 2318 narum,
381 2260 666 2323 geometriae
690 2259 800 2308 dico
823 2268 875 2308 et
906 2259 1137 2323 physicae,
1160 2277 1249 2324 per
1271 2261 1556 2324 longissima

167 2333 333 2383 secula
389 2336 650 2399 magistros
708 2335 1050 2399 peritissimos:
1106 2336 1380 2400 praessertim
1437 2352 1554 2383 vero

167 2411 453 2474 geometriae
497 2411 766 2468 Euclidem,
818 2411 1180 2468 Archimedem,
1225 2411 1553 2475 Apollonium,

170 2485 406 2551 Pappum,
436 2487 653 2551 aliosque
687 2504 717 2535 a
744 2488 934 2536 Graecia
959 2495 1179 2542 veteres;
1215 2487 1553 2543 Cavallerium,

168 2560 507 2610 Torricellium
531 2563 594 2610 ab
619 2562 760 2611 Italia
793 2563 1104 2611 recentiores.
1175 2563 1232 2610 In
1263 2563 1479 2626 physica,
1505 2562 1555 2609 id

171 2642 264 2694 est,
285 2636 339 2684 in
360 2636 585 2685 doctrina
608 2637 669 2685 de
691 2644 845 2695 motu,
871 2653 967 2700 qua
989 2653 1151 2685 rerum
1174 2638 1392 2685 omnium
1417 2646 1556 2685 natu-

171 2709 347 2759 ralium
369 2712 685 2760 continentur
705 2728 882 2770 cansae,
906 2712 1086 2761 initiati
1113 2713 1293 2761 fuimus
1316 2729 1346 2760 a
1370 2713 1555 2776 Coper-

171 2785 307 2834 nico:
340 2787 680 2849 processimus,
706 2787 1084 2852 impedientibus
1118 2788 1313 2852 quidem
1342 2788 1436 2836 illis
1472 2787 1555 2848 qui

173 2860 404 2909 scientias
417 2873 731 2926 susceperant
744 2879 1046 2927 promovere,
1056 2863 1378 2926 processimus
1393 2871 1557 2909 tamen

174 2936 264 2984 sub
287 2935 491 2986 Galileo.
562 2937 741 2998 Hodie,
766 2955 866 2987 non
889 2937 1001 2987 dico
1024 2938 1350 2996 consistimuS,
1375 2936 1461 2984 sed
1484 2952 1558 2983 re-

1339 3026 1367 3059 Ι,
1386 3026 1404 3053 2
