1982 3204
329 245 426 288 360
887 259 1155 294 HISTORIA

324 364 405 406 Pr.
439 362 658 417 Quaeritur
676 364 757 409 hoc
775 372 910 410 recte:
934 383 1086 425 nempe
1106 369 1185 412 hac
1204 369 1310 412 latet
1330 371 1480 428 anguis
1500 372 1545 415 in
1560 372 1714 418 herba:

386 430 502 473 Fons
523 438 614 474 erat
633 431 702 476 hic
721 434 856 476 nostri
876 435 1216 491 principiumque
1237 437 1348 479 mali.

327 496 438 539 Nam
460 497 617 541 Graecis
636 502 796 555 sapiens
816 500 941 543 simul
960 516 1009 543 ac
1029 501 1188 545 virtute
1220 503 1414 546 Virorum

384 564 542 620 Septem
561 565 752 620 praeelari
771 581 925 609 nomen
945 567 1115 610 honoris
1136 574 1239 619 erat,

326 628 513 686 Incoepit
532 630 690 682 multis,
713 632 866 687 quibus
886 633 973 675 otia
993 634 1231 690 suppetiere

383 695 667 753 Libertasque
687 699 829 750 animi,
853 699 1126 756 Philosophia
1145 701 1237 744 coli.
1634 706 1719 747 400

329 762 544 805 Mundum
564 763 621 814 hi,
643 779 729 807 non
749 765 878 808 libros
898 766 1095 823 legerunt
1113 784 1122 809 :
1155 768 1413 825 ingenioque

384 828 568 885 Incoepit
587 844 732 873 causas
754 846 940 886 quaerere
961 832 1142 888 quisque
1163 849 1252 885 suo,

326 893 504 938 Nullius
523 896 716 939 addictus
730 898 876 953 jurare
895 898 940 940 in
960 901 1090 942 verba
1108 900 1312 957 magistri.

387 961 512 1005 Solus
532 963 645 1005 enim
665 963 730 1006 his
750 965 895 1021 primis
915 966 1068 1009 author
1088 973 1179 1009 erat
1198 967 1317 1010 ratio.

327 1027 512 1071 Horum¹
530 1029 744 1086 Epicurus
765 1037 867 1082 erat,
891 1031 1030 1083 Plato,
1054 1032 1181 1084 Zeno,
1202 1033 1575 1091 Democritusque‚

385 1094 568 1152 Pyrrho,
592 1096 863 1148 Aristoteles,
882 1099 1024 1142 nescio
1044 1106 1236 1155 quotque
1257 1100 1329 1142 alii
1349 1118 1358 1143 :

327 1159 462 1218 Digni
481 1161 605 1205 laude
625 1162 718 1214 viri,
742 1178 923 1218 quorum
944 1164 1150 1221 sapientia
1163 1166 1280 1221 juvit

385 1227 635 1270 Humanum
656 1229 792 1271 multa
812 1230 1108 1273 commoditate
1128 1246 1275 1287 genus.

326 1292 485 1349 Hujus,
506 1301 603 1350 post
622 1294 729 1346 illos,
751 1295 923 1338 devenit
940 1296 1076 1353 gloria
1094 1297 1231 1339 laudis

384 1360 460 1403 Ad
481 1367 696 1416 quotquot
714 1361 871 1418 primos
890 1362 935 1404 hi
950 1362 1129 1405 docuere
1150 1363 1274 1406 viros.
1633 1367 1720 1408 410

326 1425 422 1468 Hos
442 1433 585 1469 tamen
605 1427 777 1482 equales
797 1443 850 1470 ne
871 1428 1015 1471 credas
1035 1444 1125 1472 esse
1145 1430 1387 1486 magistris3

381 1492 562 1550 Ingenio
583 1494 785 1550 quoniam
804 1510 890 1538 non
912 1511 1086 1552 sapuere
1108 1512 1195 1539 suo.

325 1557 410 1601 His
431 1567 724 1603 successerunt
743 1561 828 1612 alii,
849 1577 997 1604 verum
1017 1562 1262 1613 inferiores3

382 1625 536 1682 Atque
557 1633 668 1670 artes
687 1627 805 1671 lento
826 1628 885 1671 sic
904 1629 1066 1685 periere
1085 1629 1204 1686 pede.

323 1690 594 1749 Philosophis
615 1694 688 1736 sed
707 1694 839 1737 honos
859 1694 1030 1738 habitus
1050 1711 1136 1738 non
1156 1695 1352 1738 omnibus
1371 1694 1485 1739 idem
1506 1701 1572 1739 est

381 1759 430 1801 A
457 1760 648 1811 cunctis3
680 1776 815 1803 unum
835 1761 905 1804 hic
920 1762 1123 1818 praetulit,
1145 1762 1217 1805 ille
1237 1761 1380 1804 alium.

323 1824 385 1868 Et
405 1826 602 1869 distinxit
622 1841 693 1870 eos
712 1843 867 1870 nomen
888 1828 1144 1884 quandoque
1164 1827 1369 1884 magistri,

380 1891 442 1934 Et
462 1893 717 1949 quandoque
738 1894 905 1945 scholae,
928 1909 1014 1950 quo
1034 1894 1214 1937 docuere
1234 1894 1338 1937 loco.

323 1957 441 2001 Hinc
465 1959 580 2010 Stoa,
601 1967 645 2002 et
664 1960 763 2003 hinc
784 1960 1023 2017 Peripatus,
1045 1961 1276 2004 multarum
1296 1960 1603 2017 haeresiumque

381 2024 522 2069 Obvia
541 2033 642 2068 sunt
661 2027 798 2070 veteri
817 2028 990 2070 nomina
1009 2028 1053 2070 in
1073 2027 1259 2070 historia„
1629 2030 1717 2069 420

321 2091 410 2134 Sec.
442 2091 645 2144 Haeresis,
667 2108 753 2144 oro,
777 2094 882 2150 quid
898 2095 996 2137 est?
1055 2093 1172 2136 Nam
1191 2109 1259 2136 me
1279 2092 1469 2136 convicia
1487 2099 1658 2137 tantum

379 2157 597 2202 Fecerunt
614 2175 817 2217 magnum
837 2161 996 2204 crimen
1017 2167 1066 2203 ut
1088 2175 1178 2203 esse
1198 2166 1357 2217 putem.

322 2224 402 2266 Pr.
434 2224 670 2268 Doctorum
693 2226 806 2269 docti
825 2242 1022 2284 pugnans
1042 2242 1139 2270 cum
1159 2227 1357 2284 dogmate
1377 2225 1541 2283 dogma,

380 2290 570 2334 Haeresis
590 2307 615 2334 a
635 2293 785 2335 Graeoa
804 2300 932 2349 gente
953 2299 1102 2336 vocata
1121 2293 1218 2335 fuit.

321 2357 406 2399 Sec.
441 2358 573 2414 Cujus
593 2365 696 2409 erat,
720 2374 877 2415 quaeso,
899 2359 1005 2416 legis
1025 2358 1232 2402 violatio?
1261 2364 1384 2408 natae,

381 2422 581 2475 Haeresis,
603 2440 657 2466 an
678 2425 856 2481 positae‘?
917 2424 1093 2469 Crimen
1112 2431 1162 2467 ut
1181 2439 1271 2467 esse
1292 2424 1451 2467 sciam?

322 2492 399 2533 Pr.
431 2490 655 2534 Neutrius.
711 2491 841 2534 Errat
859 2491 985 2534 homo
1006 2491 1107 2547 quia
1125 2506 1250 2534 nemo
1270 2490 1452 2534 libenter
1469 2507 1478 2532 ε
1512 2496 1557 2534 et
1576 2491 1713 2535 omnis

378 2556 536 2600 Libera
556 2557 668 2614 apud
690 2557 864 2601 Graecos
884 2557 1149 2614 philosophia
1168 2557 1266 2600 fuit.

322 2622 386 2665 Hi
406 2630 708 2666 converterunt
727 2623 929 2680 pietatem
949 2623 994 2666 in
1014 2623 1285 2679 theiologiam

378 2689 527 2740 Primi,
549 2696 795 2747 spernentes
815 2690 942 2732 tertia
961 2692 1090 2734 verba
1109 2690 1222 2732 Dei2.
1627 2690 1714 2732 430

366 2825 377 2846 ¹
406 2823 515 2870 [Vide
562 2824 798 2867 annrmm
835 2824 994 2871 Anglice,
1090 2823 1103 2842 ¹
1128 2824 1233 2873 [Vide
1250 2822 1522 2869 Gnossmuu]

320 2891 354 2926 p.
373 2882 443 2915 666
459 2884 494 2915 et
510 2891 579 2927 seq.
593 2894 600 2915 ι
619 2879 754 2922 Latine,
767 2891 799 2926 p.
817 2878 914 2924 540]
