1982 3204
16 599 103 641 260

15 1258 103 1302 270

484 285 555 319 ΒΕ
593 284 966 320 MIRABILIBUS
1006 285 1182 320 PECCI.

138 394 291 440 Monte
310 402 472 453 patens,
493 411 615 439 aut-as
634 404 727 439 atro
747 394 902 438 inbibit
920 410 992 438 ore
1012 410 1224 450 sequaces.

139 461 269 517 Quod
288 463 614 519 procumbentes
634 461 767 505 oculis
786 461 838 504 de
858 460 1047 517 margine
1067 461 1211 517 pronis

139 526 252 572 Cum
272 528 530 585 inspicimus,
553 535 720 571 vastum
740 528 1025 584 inspectantes
1046 534 1178 570 terret
1198 527 1334 576 inane,

140 593 475 651 Subjectumque
495 595 668 638 horrens
687 595 852 637 animus
872 593 990 637 videt
1008 593 1237 636 infinitum.

137 659 200 704 Et
218 661 412 717 quamvis
432 668 548 704 tutos
561 662 651 717 jam
671 675 925 715 securosque
945 659 1057 702 tueri

137 726 357 771 Continuo
376 734 537 770 stantes
557 727 783 770 hortentur
803 741 1007 769 marmore
1027 726 1144 783 ripae,

137 791 242 836 Non
260 793 411 836 animis
432 793 576 836 eadem
597 792 901 849 spondentibus
921 807 994 835 ora
1013 792 1211 835 barathro

136 857 374 909 Demimus,
394 865 439 902 et
458 859 550 902 diro
569 859 755 916 regnatis
776 857 880 901 Dite
900 858 1097 902 tenebris.

137 924 207 968 At
224 923 383 982 lapides
403 932 495 968 toto
514 940 678 982 sparsos
692 925 983 980 conquirimus
1002 940 1119 982 agro,

136 989 330 1034 Verbere
350 990 425 1047 qui
445 990 630 1041 tandem,
652 1005 727 1047 per
745 990 873 1047 longa
892 990 1060 1033 silentia
1078 989 1208 1040 missi,

136 1055 248 1111 Quis
267 1056 324 1100 sit
342 1057 403 1100 eis
422 1056 600 1100 doceant
618 1057 675 1114 (si
695 1057 791 1113 quis
812 1056 888 1113 sit)
907 1056 1004 1099 finis
1023 1055 1162 1099 eundi.

134 1121 262 1166 Missi
281 1122 508 1166 subsidunt
526 1123 699 1180 lapides,
721 1123 967 1178 feriuntque
987 1122 1184 1166 cadentes

136 1187 312 1234 Caecum
330 1189 425 1243 (sed
444 1189 571 1247 longo
590 1190 752 1234 feriunt
771 1196 867 1247 post
886 1189 1097 1246 tempore)
1115 1204 1277 1246 rupem.

136 1254 245 1299 Inde
263 1254 431 1306 docent,
453 1255 590 1299 decies
609 1256 791 1313 repetito
811 1257 985 1299 verbere
1004 1254 1125 1310 lapsi,

133 1320 349 1379 Deeeptos
366 1321 505 1365 decies
523 1322 807 1378 nequicquam
827 1336 1018 1377 quaerere
1036 1320 1232 1364 fundum.

135 1386 252 1431 Tum
272 1402 373 1431 vero
392 1387 600 1439 ardemus,
621 1387 657 1430 si
677 1388 741 1431 vis
761 1387 1014 1444 respondeat
1033 1402 1167 1443 aequa,

134 1453 338 1513 Ingerere
357 1453 546 1511 integras
566 1462 718 1505 turres,
739 1461 784 1497 et
803 1461 918 1497 tecta
935 1452 992 1510 (si
1011 1453 1219 1504 adessent,

135 1519 199 1564 Et
216 1536 302 1564 non
321 1528 503 1578 angusto
523 1521 648 1564 tellus
668 1521 794 1563 nimis
813 1535 885 1563 ore
905 1519 1100 1577 negaret)

136 1586 253 1630 Tota
270 1586 410 1638 simul,
430 1594 628 1643 totosque
649 1587 756 1630 altos
776 1587 836 1630 ibi
856 1586 1031 1643 perdere
1051 1591 1229 1628 montes.

137 1651 268 1707 Quod
285 1652 399 1704 lieet,
419 1653 592 1696 immani
611 1653 800 1696 defixum
819 1652 1004 1709 pondere
1026 1667 1175 1694 saxum

137 1718 201 1763 Vi
219 1719 355 1763 multa
372 1719 574 1771 eruimus,
595 1735 727 1776 prona
746 1727 791 1763 et
815 1719 967 1762 tellure
986 1718 1183 1762 volutum

138 1784 341 1831 Sistimus
360 1785 414 1829 ad
434 1801 599 1829 sacrum
619 1786 763 1828 limen.
823 1785 940 1827 Tum
960 1784 1063 1827 talia
1081 1783 1239 1827 famur:

137 1855 167 1876 “
185 1850 448 1895 Umbrarum
468 1851 670 1908 praefecte
689 1851 810 1894 Deus
830 1849 1100 1901 cruciatibus,
1121 1864 1232 1900 ecce,

16 1922 108 1964 280
137 1922 167 1944 ‘⁴
188 1916 336 1962 Securi
355 1924 511 1961 nostrae
532 1917 671 1968 sortis,
692 1917 883 1973 certique
903 1930 1095 1973 supernae

138 1989 167 2010 “
183 1983 220 2028 J
219 1984 452 2042 ampridem
473 1983 598 2035 sedis,
617 1984 684 2041 (ni
703 1999 780 2027 nos
798 1983 879 2027 tibi
898 1982 1095 2026 concolor
1113 1980 1268 2025 author

138 2055 167 2077 “
186 2049 366 2107 Fallat),
386 2058 650 2094 tormentum
662 2051 753 2107 jam
772 2049 959 2093 inventis
978 2048 1170 2092 addimus
1190 2063 1340 2091 unum.

138 2121 168 2142 “
186 2115 308 2160 Pone
327 2117 408 2160 sub
426 2116 505 2160 hac
525 2116 645 2167 rima,
665 2115 746 2159 tibi
765 2116 801 2159 si
821 2131 907 2172 qua
926 2115 983 2158 sit
1001 2115 1152 2158 umbra
1169 2114 1352 2164 rebellis,

137 2187 169 2208 “
186 2181 431 2241 Insignisve
451 2182 535 2226 fide
556 2182 727 2226 violata.
788 2181 933 2226 Subde
956 2180 1186 2232 Sim0nem,

138 2253 169 2275 ‘⁸
186 2249 289 2293 Ant
305 2248 340 2293 J
341 2248 468 2292 udam
490 2248 543 2304 (J
547 2249 674 2292 udam
693 2247 966 2304 Iscarioten):
988 2246 1123 2291 subde
1143 2246 1374 2304 Gigantes:

137 2318 168 2341 “
187 2313 378 2360 Contriti
396 2314 502 2358 fient
519 2315 767 2358 umbrarum
786 2314 982 2372 protinus
999 2313 1175 2357 umbrae.

139 2386 170 2407 “
187 2379 260 2425 At
278 2396 367 2432 vos,
387 2395 415 2424 ο
433 2380 597 2432 animae,
618 2381 776 2437 quibus
795 2379 1008 2424 incaluere
1026 2378 1205 2422 retentis

139 2452 171 2473 “
189 2445 378 2506 Cognita
397 2447 643 2498 amicorum,
663 2446 903 2503 dilectaque
922 2460 1097 2503 eorpora
1115 2444 1252 2495 nobis,

139 2517 172 2539 ‘⁶
190 2512 329 2557 Ferte
342 2513 495 2571 pedem
513 2520 629 2557 retro
646 2513 835 2564 monitae,
855 2519 900 2557 et
919 2527 1006 2556 non
1031 2511 1211 2555 temnite
1229 2509 1386 2554 dicta.”

141 2578 216 2624 Sic
232 2578 326 2631 fati,
343 2579 527 2637 lapidem
546 2579 822 2624 demittimus.
883 2578 964 2622 Ille
983 2593 1060 2636 per
1077 2593 1200 2621 auras

141 2643 413 2703 Stagnum
433 2644 564 2689 densa
582 2660 766 2689 moerens
785 2644 979 2702 ealigine,
999 2643 1139 2687 fertur

139 2710 197 2755 In
215 2710 447 2769 scopulum.
508 2710 654 2755 Gemit
670 2710 930 2755 horrendum
949 2724 1148 2768 percussa
1165 2722 1356 2759 caverna,

141 2776 399 2833 Collisaeque
417 2776 533 2820 cient
549 2776 635 2820 alte
654 2777 837 2834 suspiria
854 2776 998 2820 moles.

140 2842 383 2887 Excussum
402 2842 538 2900 primo
556 2842 755 2900 scopulus
768 2857 869 2887 mox
887 2840 1047 2899 exeipit
1065 2840 1185 2892 alter,

142 2908 312 2954 Audito
331 2907 474 2954 sonitu
494 2907 616 2953 nobis
633 2907 788 2960 minus,
809 2915 854 2952 at
872 2907 1007 2964 magis
1027 2905 1156 2950 Oreo.

1427 277 1525 321 333
