1982 3204
393 257 489 301 204
695 267 983 304 PRINCIPIA
1013 273 1079 305 ET
1106 272 1480 307 PRoBLEMA‘rA

393 394 512 427 num
537 380 710 428 seriem
734 382 878 430 nimis
893 382 1090 446 longam
1109 383 1381 431 breviorem
1406 383 1609 431 reddat:
1644 384 1783 434 nimi-

357 469 518 513 ,rum,
566 456 1006 506 demonstrationes
1057 475 1156 506 non
1209 460 1507 507 necessarias
1549 459 1781 510 tollendo.

393 530 523 578 Nam
568 533 747 581 veritas
785 535 1084 582 axiomatum
1131 535 1274 582 citius
1307 543 1358 582 et
1403 535 1582 583 clarius
1631 552 1782 600 appa-

390 622 498 654 rere
524 607 751 667 debent*,
769 626 914 674 quam
938 611 1099 659 media
1121 610 1227 676 ipsa
1251 611 1426 674 quibus
1445 619 1560 659 sunt
1579 611 1782 661 demon-

390 683 607 732 stranda.

458 759 515 806 In
558 759 692 807 omni
733 760 1150 810 demonstratione
1189 779 1334 811 causa
1369 763 1694 811 conclusionis
1728 763 1780 812 in

388 834 778 897 praecedentibus
823 837 980 884 inesse
1028 837 1187 896 debet,
1234 854 1441 901 quorum
1476 838 1660 886 virtute
1705 838 1779 887 in-

388 909 572 956 fertur:
609 910 660 958 id
701 918 790 969 est,
827 912 876 958 in
924 920 1038 960 ante
1085 913 1446 971 demonstratis,
1481 914 1556 961 vel
1596 914 1780 962 lumine

388 985 602 1032 naturali
640 986 865 1049 cognitis.
934 987 1065 1050 Ergo
1100 988 1183 1035 ubi
1208 989 1356 1036 verba
1391 989 1655 1047 cohaerent,
1687 989 1781 1038 erit

389 1059 754 1108 demonstratio.
827 1062 932 1110 Etsi
967 1064 1096 1110 enim
1121 1065 1191 1111 rei
1215 1065 1447 1127 subjectae
1472 1081 1618 1112 causa
1639 1065 1779 1129 igno-

386 1143 538 1194 retur,
555 1136 802 1184 conclusio
823 1144 987 1185 tamen
1003 1139 1257 1186 veritatem
1277 1140 1630 1204 principiorum
1646 1140 1779 1188 unde

387 1209 636 1259 derivatur
670 1213 873 1261 tenebit.
945 1214 1240 1276 Hujusmodi
1277 1224 1440 1263 autem
1474 1215 1779 1264 demonstra-

386 1285 544 1334 tiones
590 1287 755 1335 faciles
801 1296 930 1347 sunt,
978 1305 1257 1353 quanquam
1304 1291 1557 1339 scientiam
1604 1307 1778 1355 parum

383 1370 718 1424 promoveant.

452 1438 711 1487 Potissima
735 1440 952 1487 omnium
985 1439 1336 1489 demonstratio
1363 1457 1421 1489 ea
1444 1450 1534 1501 est,
1559 1457 1668 1505 quae
1692 1441 1778 1490 de-

385 1512 580 1561 ducitur
615 1531 645 1562 a
680 1515 751 1562 rei
786 1516 1020 1578 subjectae
1057 1517 1372 1579 generatione
1404 1519 1550 1581 juxta
1586 1525 1778 1566 naturae

384 1588 622 1637 ordinem.
691 1591 864 1654 Itaque
901 1600 951 1639 et
983 1591 1291 1640 definitiones
1314 1592 1378 1641 ad
1402 1593 1657 1641 scientiam
1681 1593 1778 1642 uti·
1838 1608 1843 1613 ·

383 1664 579 1713 lissimae
602 1675 717 1715 sunt
740 1667 851 1726 illae,
876 1667 926 1715 in
953 1667 1127 1730 quibus
1169 1668 1412 1732 explicata
1447 1677 1523 1717 est
1556 1669 1627 1717 rei
1661 1669 1778 1718 sub-

379 1743 527 1804 jectae
563 1743 843 1805 generatio:
879 1743 929 1790 id
972 1752 1061 1802 est,
1095 1760 1192 1807 quo
1231 1752 1384 1803 motu,
1419 1761 1516 1808 quo
1550 1753 1776 1794 motuum

385 1833 642 1875 concursu,
667 1818 842 1881 quibus
878 1827 1099 1867 motuum
1125 1827 1174 1867 et
1198 1826 1473 1883 temporum
1505 1819 1777 1869 rationibus

383 1892 543 1954 spatia
567 1908 771 1956 quaeque
797 1902 846 1941 et
869 1894 1230 1957 magnitudines
1255 1894 1664 1944 determinantur.

450 1967 677 2016 Proxima
717 1969 831 2017 huic
864 1970 1268 2018 demonstrationi
1293 1971 1376 2019 illa
1409 1979 1498 2028 est,
1522 1972 1664 2035 quae'*
1690 1971 1775 2020 de-

383 2042 580 2091 ducitur
614 2061 644 2092 a
678 2046 942 2108 negatione
977 2046 1197 2095 veritatis
1233 2047 1418 2110 aliquid
1458 2047 1775 2111 impossibile.

384 2119 683 2182 Hujusmodi
720 2129 885 2168 autem
922 2120 1274 2170 demonstratio
1305 2122 1404 2170 vim
1445 2139 1583 2171 suam
1617 2123 1679 2171 ab
1714 2138 1776 2171 eo

381 2194 547 2253 habet,
595 2195 725 2258 quod
770 2212 800 2244 a
845 2211 960 2244 vero
1006 2197 1178 2245 inferri
1218 2197 1340 2245 nihil
1385 2206 1548 2262 potest
1592 2206 1776 2262 praeter

372 2285 568 2318 verum.

888 2428 912 2451 '³
948 2427 1012 2467 Sic
1031 2428 1123 2467 edit.
1144 2428 1260 2469 1674.

942 2649 1205 2669 14
