1982 3204
381 258 476 301 234
781 269 1101 304 TRACTATUS
1130 270 1382 304 oP'ricth.

136 394 249 421 paor.
271 395 327 422 1x.
380 379 595 428 nationis
633 381 789 443 major
829 382 1088 429 semirecto
1129 382 1408 445 quicunque
1444 381 1581 429 TEP.
1651 379 1774 430 Dico

380 456 614 519 angulum
639 458 902 505 refractum
927 458 1007 505 hic
1027 474 1219 520 quoque
1244 459 1480 506 minorem
1506 473 1610 505 esse
1634 459 1775 506 semi-

379 540 530 583 recto.
592 533 920 596 Supponimus
939 533 1024 579 AB
1045 541 1095 580 et
1117 533 1206 580 TR
1229 533 1381 581 lineas
1405 533 1527 581 lucis
1546 533 1773 596 aequales,

379 616 435 655 ut
458 607 581 655 radii
605 609 665 656 ab
686 608 803 671 ipsis
823 608 1048 656 differant
1073 609 1174 656 sola
1198 609 1538 657 inclinatione:
1565 609 1774 672 aequales

379 700 497 747 ergo
528 693 641 732 sunt
677 685 757 732 EF
788 692 838 731 et
873 685 954 742 EI,
981 700 1156 748 nempe
1181 685 1449 747 aequalibus
1474 685 1562 731 AB
1600 694 1649 732 et
1685 684 1774 732 TR

378 761 486 822 conj
496 769 652 807 unctae
675 776 763 823 per
786 760 1040 822 parallelas
1063 760 1288 823 aequales.
1336 760 1583 809 Quoniam
1608 768 1774 808 autem

377 835 585 898 angulus
609 836 735 884 AEP
759 844 834 883 est
872 837 1175 894 semirectus‚
1202 836 1294 883 erit
1319 852 1513 899 quoque
1539 836 1666 883 CED
1699 852 1773 884 se-

376 911 631 958 mirectus:
657 912 864 975 ideoque
890 928 1001 959 cum
1027 912 1155 959 ECD
1181 913 1243 959 sit
1268 922 1445 969 rectuS,
1472 912 1619 959 etiam
1645 911 1772 959 CDE

377 987 470 1034 erit
517 987 814 1034 semirectus.
903 987 1069 1036 Quare
1114 995 1262 1035 rectae
1309 987 1406 1044 EC,
1432 987 1517 1034 CD
1560 987 1773 1050 aequales

375 1070 536 1120 erunt,
562 1071 612 1109 et
636 1062 788 1110 CDEI
813 1063 1122 1126 quadratum,
1154 1072 1204 1111 et
1242 1072 1296 1110 ut
1333 1063 1396 1110 CI
1432 1063 1670 1110 diameter
1709 1063 1774 1110 ad

377 1138 461 1185 CD
486 1138 628 1196 latus,
653 1138 722 1185 ita
745 1139 810 1185 EI
836 1138 898 1186 ad
918 1138 993 1197 IS,
1012 1138 1108 1186 hoc
1133 1147 1208 1186 est
1232 1139 1312 1185 EF
1338 1138 1400 1185 ad
1426 1138 1502 1186 IS.
1551 1139 1774 1185 Ducatur

377 1213 457 1260 FG
471 1213 888 1276 perpendicularis
909 1214 972 1261 ad
991 1214 1094 1272 ED,
1112 1214 1274 1261 minor
1293 1214 1387 1261 erit
1406 1213 1484 1261 FG
1502 1230 1649 1276 quam
1665 1213 1770 1261 EF:

377 1290 537 1336 minor
561 1305 682 1352 ergo*
705 1296 778 1337 est
812 1290 938 1337 ratio
964 1289 1045 1337 GF
1077 1290 1139 1338 ad
1177 1290 1237 1337 IS
1263 1306 1410 1350 quam
1446 1289 1670 1337 diametri
1707 1289 1771 1337 ad

376 1365 519 1412 latus.
591 1365 698 1412 Fiat
723 1381 840 1428 ergo
864 1373 921 1412 ut
946 1365 1025 1413 EF
1048 1365 1110 1413 ad
1136 1366 1212 1424 IS,
1240 1366 1340 1413 sive
1364 1374 1421 1413 ut
1446 1366 1684 1413 diameter
1707 1365 1771 1414 ad

377 1440 520 1498 latus,
560 1440 630 1488 ita
667 1440 747 1488 FG
785 1441 847 1488 ad
889 1441 1053 1488 aliud*
1081 1440 1179 1488 HK
1217 1441 1670 1504 perpendicularem
1707 1442 1771 1489 ad

375 1515 576 1578 planum
612 1516 742 1563 idem
779 1516 895 1564 ED:
934 1517 1024 1564 erit
1051 1532 1166 1579 ergo
1195 1517 1293 1564 HK
1326 1517 1487 1564 minor
1511 1533 1656 1580 quam
1691 1517 1767 1566 IS.

379 1592 509 1640 Quia
544 1607 660 1654 ergo
693 1592 773 1638 EF
808 1600 880 1639 est
916 1592 1226 1655 profunditas
1261 1609 1406 1656 quam
1439 1593 1772 1656 acquisivisset

377 1668 614 1714 terminus
639 1667 760 1715 lucis
786 1668 844 1725 R,
870 1668 1110 1715 existente
1143 1668 1353 1715 termino
1376 1668 1418 1716 T
1448 1669 1499 1716 in
1523 1668 1579 1727 E,
1606 1669 1645 1716 si
1671 1685 1772 1718 me·

378 1743 512 1790 dium
552 1759 652 1790 non
691 1752 819 1790 esset
860 1751 1118 1803 mutatum,
1159 1744 1254 1791 erit
1281 1745 1385 1806 jam
1426 1760 1486 1792 ex
1519 1745 1771 1809 supposita

378 1820 614 1881 qualitate
639 1819 787 1866 medii
813 1819 909 1866 KH
937 1819 1245 1882 profunditas
1271 1820 1389 1882 ejus.
1462 1819 1514 1867 Si
1538 1835 1655 1883 ergo
1680 1820 1769 1868 du-

378 1903 517 1942 catur
555 1895 645 1942 LH
687 1895 920 1958 parallela
957 1895 1020 1942 ad
1061 1895 1163 1954 ED,
1191 1895 1283 1943 erit
1316 1895 1456 1943 lineae
1488 1895 1611 1944 lucis
1645 1897 1770 1945 alter

377 1971 614 2017 terminus
639 1970 687 2017 in
713 1970 768 2029 Ε,
794 1970 918 2017 alter
942 1970 990 2017 in
1012 1970 1120 2017 LH.
1194 1970 1439 2019 Quoniam
1461 1979 1623 2019 autem
1640 1971 1770 2021 linea

375 2045 498 2092 lucis
523 2045 723 2107 aequalis
748 2053 822 2092 est
846 2053 994 2092 rectae
1018 2045 1101 2102 EI,
1134 2045 1371 2093 terminus
1406 2047 1509 2108 ejus
1544 2046 1595 2094 in
1632 2056 1769 2095 recta

375 2121 466 2167 LH
494 2120 636 2168 cadet
666 2120 795 2167 inter
818 2128 1054 2183 punctum
1081 2121 1146 2179 H,
1173 2128 1222 2168 et
1246 2130 1482 2184 punctum
1505 2122 1556 2168 in
1581 2138 1677 2185 quo
1700 2122 1767 2170 EI

374 2204 425 2243 et
449 2196 539 2243 LH
566 2211 616 2243 se
644 2203 815 2244 mutuo
839 2197 1152 2244 intersecant.
1224 2197 1300 2244 Sit
1325 2212 1443 2259 ergo
1481 2197 1610 2244 linea
1643 2197 1766 2246 lucis

371 2271 478 2330 EQ,
504 2270 565 2318 ad
590 2287 735 2334 quam
778 2271 926 2318 ducta
960 2271 1376 2334 perpendicularis
1413 2274 1464 2319 in
1499 2281 1684 2335 puncto
1707 2274 1765 2333 E,

370 2362 547 2409 nempe
592 2346 693 2404 EY,
737 2347 831 2393 erit
876 2346 1005 2394 linea
1050 2346 1275 2394 refracta.
1354 2348 1598 2396 Quoniam
1646 2365 1765 2412 ergo

370 2422 494 2469 YEZ
520 2428 593 2469 cst
629 2421 835 2485 angulus
854 2430 1035 2478 rectUS‚
1065 2422 1183 2469 item
1209 2423 1330 2470 ΜΕΙ
1355 2423 1562 2486 angulus
1586 2432 1764 2483 rectus,

371 2498 411 2545 si
454 2497 682 2544 dematur
719 2496 927 2560 angulus
970 2498 1242 2545 communis
1277 2498 1403 2555 YEI,
1451 2499 1546 2546 erit
1582 2500 1764 2562 angulo

370 2573 474 2620 IEZ
499 2572 697 2636 aequalis
739 2572 946 2634 angulus
971 2572 1128 2630 MEY,
1157 2573 1240 2636 qui
1278 2589 1390 2621 cum
1427 2574 1608 2637 angulo
1632 2575 1763 2624 YEO

367 2648 488 2697 facit
515 2648 749 2712 angulum
774 2647 915 2695 MEO
948 2648 1275 2696 semitectum.
1334 2649 1501 2696 Minor
1534 2659 1608 2698 est
1645 2667 1763 2715 ergo

369 2724 576 2787 angulus
607 2723 847 2771 refractus
888 2723 1019 2771 YEO
1066 2724 1341 2772 semirecto.
1434 2725 1762 2790 Quapropter,

978 2891 1000 2914 ⁸*
1034 2891 1110 2931 Sic.
