1982 3204
140 422 251 448 PROP.
267 423 351 449 XIV.

150 469 339 490 b-qf-—ae

111 510 141 537 Si
166 519 267 538 secans
293 520 379 539 arcus

110 554 149 581 30
162 554 306 591 graduum
324 558 378 582 etc.

397 287 457 329 34
730 295 994 330 ROSETUM
1021 293 1448 329 GEOMETRICUM.

395 406 468 454 uL
505 412 580 455 est
619 407 815 471 aequalis
851 424 921 471 yse
955 407 1032 455 vel
1066 406 1176 454 BP:
1213 412 1264 454 et
1299 406 1488 470 reliqua
1511 406 1598 454 AL
1627 407 1785 470 majus

396 489 702 544 segmentum
750 483 959 531 secantis
1005 482 1110 540 ΑΡ,
1149 482 1250 529 sive
1295 490 1444 529 rectae
1486 483 1580 545 Ay,
1621 482 1785 530 divisae

394 564 611 606 extrema
636 566 684 606 et
708 558 868 606 media
891 558 1095 606 ratione.
1155 556 1302 605 Quod
1326 564 1431 605 erat
1451 556 1785 605 demonstran-

395 632 528 681 dum.

467 707 649 756 Coroll.
688 708 919 771 Sequitur
955 707 1086 765 hinc,
1124 706 1374 754 semissem
1413 706 1685 770 diagonalis
1717 706 1787 754 AI

395 799 502 831 esse
526 785 682 846 majus
707 789 1012 847 segmentum
1036 782 1251 829 dimidiae
1278 782 1490 830 secantis
1514 781 1613 840 ΑΡ,
1638 781 1690 829 id
1713 790 1788 829 est

393 860 640 923 tangentis
664 864 726 907 30
751 858 1006 922 graduum,
1031 857 1083 905 id
1119 865 1194 905 est
1222 858 1390 906 lateris
1415 858 1527 907 cubi
1563 857 1788 921 inscripti

395 935 446 983 in
472 935 653 983 circulo
678 935 816 997 cujus
841 933 1077 980 diameter
1093 939 1167 980 est
1192 932 1297 981 AB.

925 1255 1108 1303 PROP.
1144 1255 1253 1302 XV.

398 1371 698 1406 DIGRESSIO
726 1371 796 1404 DE
831 1370 1137 1404 DISCORDIA
1169 1370 1344 1404 INTER
1378 1370 1672 1406 CALCULUM
1708 1372 1787 1406 LI-

463 1447 720 1489 NEARUM,
770 1445 1248 1490 SUPERFICIERUM,
1297 1447 1366 1480 ET
1415 1447 1786 1482 NUMERORUM

464 1523 525 1556 IN
554 1521 1168 1556 DEMONSTRATIONIBUS
1196 1522 1598 1557 GEOMETRICIS.

396 1609 508 1657 PER
533 1607 685 1656 Elem.
710 1624 753 1655 v.
780 1607 875 1655 def.
903 1613 948 1666 5,
968 1606 1210 1655 rationem
1231 1607 1413 1656 habere
1438 1608 1567 1656 inter
1585 1624 1637 1657 sc
1655 1624 1790 1673 mag-

394 1684 640 1732 nitudines
665 1683 911 1742 dicuntur,
935 1699 1044 1747 quae
1080 1690 1285 1747 possunt
1308 1683 1646 1747 multiplicatae
1683 1699 1788 1733 sese

395 1767 566 1808 mutuo
592 1771 835 1823 superare.

461 1836 535 1882 Ex
561 1850 657 1897 qua
680 1833 964 1882 definitione
987 1833 1303 1882 manifestum
1327 1841 1404 1882 est
1421 1833 1593 1892 lineaS,
1618 1849 1789 1898 super-

395 1909 546 1967 ficies,
571 1916 620 1957 et
643 1908 797 1957 solida
829 1908 1014 1956 nullam
1037 1908 1219 1957 habere
1242 1925 1384 1972 posse
1410 1909 1541 1957 inter
1564 1924 1616 1958 se
1640 1910 1788 1959 ratio-

396 2000 524 2032 nem.
594 1985 722 2032 Nam
746 1984 1068 2049 multiplicata
1090 2001 1340 2048 nunquam
1365 2000 1417 2033 se
1442 1992 1615 2033 mutuo
1646 2001 1789 2050 supe-

396 2076 505 2108 rare
527 2068 745 2124 possunt.

466 2137 517 2184 Si
540 2145 703 2184 tamen
726 2151 816 2199 pro
850 2135 979 2183 linea
1013 2142 1276 2199 usurpetur
1311 2137 1558 2183 minutum
1596 2145 1791 2185 rectan-

396 2212 581 2275 gulum,
628 2212 809 2275 poterit
856 2211 1053 2274 quidem
1099 2210 1361 2275 aliquando
1408 2210 1618 2258 inveniri
1661 2211 1788 2260 ratio

396 2288 526 2335 inter
549 2287 854 2351 superficiem
878 2294 927 2334 et
950 2286 1292 2350 rectangulum
1315 2285 1438 2334 illud
1455 2286 1547 2334 etsi
1566 2285 1790 2335 minutis-

398 2364 572 2412 simum
594 2383 604 2410 :
640 2379 831 2426 nempe,
856 2362 1052 2426 quando
1091 2363 1188 2411 duo
1229 2361 1469 2426 quadrata
1505 2368 1619 2409 sunt
1658 2362 1790 2410 inter

398 2455 450 2487 se
474 2446 530 2487 ut
553 2439 818 2502 quadratus
841 2454 1072 2486 numerus
1097 2437 1159 2486 ad
1185 2437 1480 2501 quadratum
1511 2451 1788 2486 numerum.

398 2514 528 2563 Quia
550 2514 820 2577 comparari
844 2521 1064 2577 possunt,
1089 2521 1141 2562 et
1163 2513 1290 2562 alter
1312 2512 1514 2562 alterius
1531 2527 1637 2561 esse
1654 2528 1790 2561 men-

396 2605 525 2638 sura.

463 2663 560 2712 Sed
584 2663 821 2728 quadrata
843 2680 951 2727 quae
975 2671 1090 2713 sunt
1126 2665 1258 2713 inter
1293 2679 1345 2712 se
1368 2670 1424 2712 ut
1447 2662 1673 2728 quadrati
1695 2678 1788 2712 nu-

395 2740 532 2797 meri,
556 2739 709 2787 multo
744 2739 975 2801 pauciora
1007 2748 1122 2788 sunt
1146 2756 1293 2804 quam
1316 2755 1427 2804 quae
1458 2754 1559 2787 non
1583 2745 1698 2787 sunt
1731 2746 1788 2790 ut

394 2816 585 2864 numeri
609 2813 835 2878 quadrati
855 2833 866 2861 z
903 2815 993 2863 etsi
1017 2823 1225 2879 utraque
1249 2822 1365 2864 sunt
1395 2814 1787 2865 innumerabilia.

459 2890 697 2939 Doctrina
714 2905 830 2952 ergo
850 2888 910 2936 de
931 2892 1204 2952 quantitate
1227 2891 1466 2940 linearum
1485 2896 1559 2939 est
1583 2890 1789 2940 scientia
