1982 3204
270 241 384 288 xxvi

313 369 412 403 quam
429 362 506 392 sunt
517 358 622 393 videri
629 359 762 393 faciunt.
770 359 818 393 ιιι.
832 363 892 393 140
900 359 1048 393 z—iidem

314 403 510 446 telescopiis,
526 403 646 445 quibus
659 403 808 436 miserias
823 403 1049 446 impendentes

315 447 387 479 sine
411 445 625 489 pecuniarum
650 446 890 479 contributione
911 446 1049 478 inevita-

315 489 399 523 biles
413 490 601 533 prospicere
615 495 757 533 possent,
773 495 895 523 carent.
910 489 993 521 ibid.

315 533 484 566 distinctio
504 533 674 567 civitatum
689 533 795 566 oritur
809 544 829 566 a
843 532 1051 565 distinctione

313 588 519 626 personarum.
533 576 568 609 ιι.
585 581 658 610 235.
672 576 720 609 ιιι.
739 580 795 609 141
807 586 971 609 :—earum
994 585 1052 617 ge-

316 630 397 652 nera
411 625 475 652 tria
489 625 625 653 tantum.
640 619 675 653 ii.
690 624 763 653 236.
778 619 825 652 iii.
844 623 913 652 141.

317 663 452 695 nomina
464 665 611 704 tyrannis,
626 665 799 704 oliqarchia,
815 663 972 701 anan-hia,
986 671 1053 692 non

319 711 396 739 sunt
417 705 589 739 civitatum
634 706 752 749 ropria.
774 706 821 739 iii.
839 710 908 738 141.
923 705 958 737 ii.
974 708 1052 737 236:

318 749 550 792 -significant
572 717 735 790 affectum,
764 759 831 781 non
861 752 1054 791 conceptum

319 792 453 826 utentis.
468 792 548 826 ibid.
563 792 642 825 ibid.

319 846 387 868 non
400 835 496 868 datur
509 836 652 868 civitatis
667 839 771 869 status
791 835 916 868 mixtus
931 845 972 867 ex
995 833 1054 866 tri-

319 879 381 912 bus
395 878 573 921 speciebus.
588 878 623 911 ιι.
639 883 712 912 238.

319 922 462 955 civitatis
491 922 683 965 Anglicanae
712 926 827 961 status,
856 925 894 954 ut
922 920 1054 964 quidam

320 966 460 1007 fingunt,
475 970 526 998 est
546 965 735 998 monarchia
756 967 861 998 mixta.
875 964 910 997 ii.
926 968 988 997 238
1004 978 1056 996 :—-

321 1009 435 1042 eadem
442 1009 563 1041 civium
572 1008 716 1041 libertati
728 1008 862 1040 minime
871 1008 968 1040 favet.
974 1006 1054 1039 ibid.

321 1051 380 1095 qui
406 1052 556 1084 coierunt
585 1051 626 1084 ad
660 1051 850 1094 erigendam
879 1050 1055 1089 civitatem,

320 1106 404 1138 pene
419 1106 461 1127 ex
476 1106 515 1127 eo
529 1094 603 1138 ipso
619 1095 707 1138 quod
731 1094 890 1134 coierunt,
906 1096 1056 1126 democra-

322 1141 367 1170 tia
382 1142 466 1171 sunt.
481 1138 515 1171 ii.
531 1142 604 1171 239.

321 1186 454 1225 pactum
467 1181 555 1213 inter
568 1181 674 1213 civem
688 1184 722 1213 et
743 1180 910 1224 populum,
925 1185 995 1211 ante
1009 1179 1055 1212 ci-

322 1225 456 1258 vitatem
474 1224 695 1263 constitutam,
709 1224 840 1256 nullum
853 1223 1056 1255 intercedere

321 1272 440 1311 potest.
455 1267 490 1300 ii.
507 1272 662 1301 240:—et
671 1274 749 1308 post,
764 1266 889 1299 frustra
903 1271 962 1305 est,
978 1266 1058 1309 quia

320 1311 462 1387 Pffifflus
476 1309 612 1343 arbitrio
634 1321 693 1343 suo
718 1310 859 1343 liberare
881 1320 916 1342 se
940 1314 1057 1352 potest.

324 1365 337 1387 1
360 1366 372 1386 1
396 1379 404 1387 .

323 1398 455 1441 quando
478 1397 592 1430 civitas
618 1397 773 1429 adversus
794 1396 891 1435 cives,
914 1399 948 1427 et
971 1393 1059 1427 cives

323 1441 479 1473 adversus
493 1441 669 1479 civitatem,
685 1439 792 1472 officio
808 1450 867 1471 suo
893 1449 959 1471 non
985 1438 1060 1470 fun-

322 1489 456 1526 guntur,
479 1484 568 1527 quod
589 1494 694 1526 genus
715 1482 840 1526 peccati
865 1487 899 1515 et
921 1492 1060 1525 quorum

323 1527 494 1560 hominum
509 1527 562 1560 sit.
575 1527 609 1560 ii.
626 1531 699 1559 243.

324 1571 444 1621 quibus
459 1570 565 1603 modis
580 1570 661 1603 civis
676 1569 878 1620 subjectione
891 1568 1060 1601 liberatur.

323 1614 357 1647 ιι.
373 1618 446 1648 247.
468 1614 514 1647 ιιι.
534 1616 653 1647 168-70
666 1623 811 1652 :-cives‚
834 1622 910 1644 cum
931 1621 1061 1644 omnem

324 1663 478 1690 conatum
499 1657 639 1690 fecerint
660 1667 701 1689 ne
722 1656 758 1688 in
779 1665 894 1687 manus
917 1654 1061 1687 hostium

324 1701 484 1740 venirent,
499 1706 594 1743 pacta
606 1711 679 1743 quae
695 1699 841 1732 inierunt
854 1697 977 1748 singuli
986 1708 1062 1730 cum

325 1744 475 1786 sing-ulis,
497 1744 728 1786 adimplerunt.
744 1742 778 1775 ii.
795 1745 869 1774 248.
883 1741 930 1774 ιιι.
946 1745 1059 1774 154—5:

324 1793 402 1820 —et
414 1799 487 1831 quae
502 1786 714 1830 promiserint
727 1785 807 1818 victi
819 1784 909 1817 necis
918 1784 1060 1817 vitandae

325 1841 433 1870 causa,
445 1841 484 1863 ea
498 1830 588 1862 omni
600 1834 719 1862 conatu
734 1828 917 1872 praestanda
928 1833 1014 1860 sunt.
1025 1827 1060 1860 ii.

325 1878 399 1907 248.
414 1874 460 1907 iii.
478 1877 536 1906 169
546 1873 802 1906 z—-conditiones
817 1871 962 1904 hostium
976 1870 1061 1903 acci-

324 1917 438 1962 piendi
449 1917 634 1949 libertatem
643 1916 766 1948 habent
774 1914 913 1958 quando.
926 1913 972 1946 iii.
985 1917 1060 1947 169:

326 1960 499 1993 —victoris
515 1959 742 1998 subdititium,
759 1958 898 2001 quando.
913 1957 992 1990 ibid.

327 2004 357 2036 si
381 2003 564 2036 monarchae
590 2013 758 2035 successor
779 2001 889 2034 nullus
917 2005 1061 2043 apparet,

327 2047 416 2079 cives
436 2046 692 2089 obligationibus
721 2045 789 2078 suis
811 2044 1004 2077 liberantur.
1027 2043 1061 2076 ii.

327 2133 410 2166 civis
423 2135 509 2166 exsul
520 2133 680 2165 liberatur
693 2131 822 2175 legibus
843 2129 964 2174 prioris
983 2129 1063 2163 civi-

328 2176 415 2210 tatis.
427 2176 462 2208 ii.
479 2176 607 2209 248.iii.
627 2179 698 2209 169.

330 2219 464 2270 quidam
477 2219 620 2252 civitatis
634 2218 830 2261 Anglicanae
851 2220 1064 2259 repraesenta-

329 2268 454 2296 tionem
469 2262 601 2295 sibimet
622 2262 704 2305 ipsis
726 2265 937 2299 assumentes,
951 2270 1064 2302 regem

330 2317 436 2345 suum,
447 2312 522 2349 post
533 2310 761 2338 sexcentorum
770 2313 929 2336 annorum
938 2313 1066 2335 succes-

328 2348 467 2388 sionem,
481 2354 519 2382 ut
533 2347 675 2381 civitatis
688 2357 860 2391 personam
874 2356 941 2378 non
958 2346 1065 2378 consi-

330 2392 535 2468 gpraviprgint.
551 2391 598 2424 ιιι.
615 2390 771 2424 142ι-ιὰ
785 2401 850 2433 qua
863 2399 961 2422 causa
981 2388 1066 2421 acci-

367 2441 392 2468 t.
407 2435 419 2467 i
443 2435 455 2467 i

330 2478 516 2511 differentia
528 2478 616 2510 inter
630 2476 798 2510 civitatum
813 2475 878 2509 tria
890 2485 1021 2518 genera,
1031 2474 1067 2507 ιιι

331 2532 398 2565 quo
412 2521 573 2554 consistit.
588 2520 636 2554 ιιι.
655 2523 725 2553 142.

331 2575 451 2608 magna
465 2564 591 2604 civitas,
605 2564 641 2596 in
654 2574 720 2606 qua
743 2571 903 2595 summam
923 2565 1066 2604 potesta-

332 2613 400 2641 tem
414 2607 515 2641 habet
528 2612 642 2646 coetus,
656 2606 713 2639 vix
729 2605 798 2638 ulla
810 2610 862 2638 est
876 2615 950 2647 quae
972 2615 1062 2637 cura-

332 2656 405 2685 tore
420 2656 575 2694 tanquam
587 2650 696 2683 infans
710 2647 886 2692 aliquando
901 2657 967 2680 non
981 2646 1067 2680 indi-

375 2699 418 2728 nt-
433 2693 483 2727 ιιι.
497 2697 568 2727 145.

332 2705 506 2782 {iperium
536 2735 678 2770 civitatis
713 2735 811 2768 unius
848 2734 883 2767 in
919 2733 1068 2767 civitates

331 2781 454 2857 Eluoes,
483 2780 568 2814 sicut
602 2779 700 2812 unius
723 2777 868 2811 hominis
895 2777 930 2810 in
958 2777 1069 2820 plures

358 2823 493 2864 omines,
505 2824 678 2856 monarchia
689 2826 748 2855 est.
763 2821 810 2854 iii.
829 2823 897 2855 147.

333 2867 609 2911 quamadmodum
630 2865 672 2898 ad
693 2864 835 2898 civitatis
859 2862 1068 2897 constitutio-

333 2921 409 2944 nem
425 2909 627 2944 necessarius
641 2914 712 2942 erat
725 2909 896 2949 artificialis
909 2909 1004 2945 homo,
1022 2906 1069 2939 ita

334 2954 376 2988 nd
389 2953 669 2988 conservationem
679 2950 862 2985 necessaria
875 2955 926 2984 est
939 2952 1068 2993 artifici-

959 255 1156 289 INDEX.

1116 360 1152 390 lis
1163 359 1233 390 vita.
1245 356 1291 390 iii.
1308 359 1365 391 147
1381 356 1499 390 :—vita
1510 355 1581 389 haec
1595 358 1646 388 est
1655 356 1712 399 jus
1723 363 1850 389 succes-

1118 401 1228 434 sionis.
1244 400 1326 433 ibid.

1117 445 1153 476 ni
1162 446 1219 488 jus
1232 443 1376 486 eligendi
1399 452 1619 475 successorem
1634 441 1678 474 sit
1697 441 1733 474 in
1761 445 1850 474 ante-

1118 498 1256 526 cessore,
1270 486 1412 519 civitatis
1434 486 1540 518 forma
1553 485 1698 529 perfecta
1711 495 1777 517 non
1791 495 1851 528 po·

1119 535 1185 563 test
1197 541 1277 563 esse.
1292 529 1338 562 ιιι.
1358 531 1464 562 147-8.

1119 573 1304 606 differentia
1322 572 1443 604 civium
1457 576 1490 604 et
1503 582 1680 604 servorum.
1695 570 1729 604 ii.
1745 574 1819 604 259.

1120 622 1223 650 status
1239 615 1409 648 hominum
1423 620 1520 648 extra
1533 615 1709 655 civitatem,
1718 614 1803 657 quis.
1817 613 1854 647 ii.

1121 665 1193 694 265.
1209 660 1255 692 iii.
1274 664 1345 692 100.

1120 704 1241 736 civium
1263 708 1297 735 et
1317 701 1520 745 imperantur,
1535 701 1649 734 eadem
1669 705 1747 734 sunt
1764 710 1854 733 com-

1121 747 1218 779 moda
1232 751 1266 778 et
1279 745 1494 777 incommoda.
1509 745 1544 777 ii.
1559 748 1632 778 265.

1121 790 1301 822 maximum
1336 788 1578 821 incommodum
1608 786 1696 838 quod
1729 786 1855 819 civitati

1122 833 1312 875 contingere
1326 837 1444 874 potest,
1453 831 1559 864 caedes
1570 831 1700 870 civmm,
1710 829 1751 862 ab
1761 839 1855 862 anar-

1123 877 1198 909 chia
1212 876 1324 908 oritur.
1341 875 1374 907 ii.
1391 879 1464 907 266.

1123 920 1247 952 divitiae
1260 919 1400 962 publicae
1412 918 1538 950 civibus
1549 916 1685 960 privatis
1697 921 1857 960 quatenus

1122 962 1328 996 incommodo
1344 972 1415 994 esse
1430 972 1497 993 non
1517 966 1664 1004 possunt.
1678 959 1712 992 ιι.
1733 963 1796 992 266
1804 973 1856 992 :—

1123 1005 1365 1039 incommodum
1381 1005 1487 1047 quale,
1502 1015 1570 1036 non
1595 1004 1635 1036 ab
1653 1002 1858 1035 ordinatione

1123 1060 1232 1093 prava,
1248 1049 1305 1081 sed
1317 1059 1336 1080 a
1346 1048 1429 1080 bene
1441 1047 1601 1080 ordinatae
1609 1045 1752 1079 civitatis
1758 1056 1860 1089 prava

1125 1091 1406 1125 administratione
1421 1091 1501 1123 oriri
1514 1096 1633 1133 potest.
1649 1089 1729 1123 ibid.

1123 1141 1217 1179 pater
1232 1141 1264 1168 et
1283 1134 1380 1167 liberi
1403 1134 1569 1167 civitatem
1594 1133 1809 1166 constituunt.
1822 1131 1858 1165 ii.

1123 1221 1366 1255 incommodum
1402 1225 1453 1253 est
1480 1220 1587 1252 omnis
1611 1219 1764 1259 civitatis,
1792 1232 1860 1254 non

1123 1265 1323 1298 monarchiae
1337 1264 1452 1303 solum,
1473 1263 1561 1306 quod
1582 1263 1748 1306 imperans
1761 1275 1860 1308 pecu-

1125 1309 1197 1341 nias
1226 1308 1360 1350 exigere
1381 1312 1490 1350 potest
1513 1306 1556 1339 ad
1580 1306 1676 1346 filios,
1701 1313 1860 1350 cognatos

1125 1357 1198 1392 ete„
1222 1351 1384 1385 ditandos.
1398 1350 1433 1383 ii.
1449 1349 1641 1383 268-9:—in
1662 1349 1862 1384 democratia

1126 1396 1233 1438 majus
1257 1405 1355 1437 quam
1378 1394 1414 1426 in
1440 1392 1638 1426 monarchia.
1661 1393 1697 1426 ii.
1715 1398 1790 1428 269.
1812 1394 1860 1428 ιιι.

1127 1481 1216 1514 cives
1251 1480 1442 1513 innocentes
1471 1478 1581 1511 minus
1609 1479 1746 1514 obnoxii
1783 1485 1863 1514 sunt

1127 1525 1233 1567 poenis
1248 1524 1309 1557 sub
1332 1522 1522 1556 monarchia
1537 1533 1635 1566 quam
1649 1523 1711 1556 sub
1730 1524 1864 1568 populo.

1129 1568 1164 1600 ιι..
1179 1571 1253 1601 269.

1128 1611 1276 1654 potentia
1282 1610 1409 1653 privata
1418 1609 1507 1642 ultra
1514 1608 1692 1642 terminum
1700 1610 1864 1653 quendam

1129 1654 1255 1687 civitati
1268 1652 1451 1696 perniciosa¹
1465 1652 1512 1685 fit.
1526 1652 1560 1684 ιι.
1574 1655 1651 1686 270.

1129 1697 1216 1730 cives
1237 1696 1366 1740 privati,
1382 1695 1513 1739 quando
1534 1698 1695 1728 libertatem
1714 1701 1864 1739 poscunt,

1128 1751 1196 1773 non
1224 1740 1410 1773 libertatem
1432 1739 1491 1771 sed
1520 1740 1682 1771 dominium
1714 1746 1864 1783 poscunt.

1129 1783 1164 1817 ιι.
1190 1786 1269 1817 271:
1337 1782 1372 1814 ui
1400 1782 1436 1814 in
1464 1781 1655 1814 monarchia
1680 1782 1865 1816 libertatem

1130 1794 1446 1904 &glutem—piorem,
1462 1825 1543 1868 quid
1557 1826 1814 1860 stomachantur.
1826 1826 1864 1859 ιι.

1130 1924 1198 1946 ιιοιι
1210 1916 1260 1946 est
1282 1911 1408 1945 civibus
1419 1911 1672 1951 incommodum,
1688 1912 1777 1956 quod
1798 1923 1866 1946 nou

1131 1967 1244 1990 omnes
1261 1956 1303 1988 ad
1316 1955 1464 1999 publicas
1479 1954 1731 1989 deliberationes
1747 1955 1865 1990 admit-

1130 2004 1254 2033 tuntur.
1269 1999 1303 2032 ii.
1315 2002 1389 2032 272.

1131 2043 1174 2076 ad
1188 2042 1434 2075 deliberandum
1449 2041 1490 2074 de
1506 2041 1548 2074 iis
1563 2051 1638 2084 quae
1662 2041 1706 2075 ad
1727 2041 1867 2076 salutem

1070 2112 1072 2114 .
1131 2086 1274 2119 civitatis
1284 2085 1478 2124 conducant,
1489 2095 1564 2127 quae
1574 2089 1653 2118 sunt
1665 2085 1800 2129 cognitu
1809 2095 1867 2119 ne-

1131 2129 1282 2162 cessaria.
1296 2129 1331 2162 ii.
1345 2131 1418 2162 273.
1433 2127 1481 2160 ιιι.
1499 2131 1572 2161 194.

1131 2172 1339 2205 incommoda
1366 2170 1508 2204 civitatis
1535 2181 1578 2204 ex
1598 2180 1678 2214 rege
1697 2181 1810 2215 puero,
1831 2171 1867 2206 ιι.

1132 2258 1276 2291 civitatis
1284 2257 1455 2291 commoda
1464 2256 1517 2289 vel
1530 2257 1737 2291 incommoda
1746 2268 1814 2291 non
1824 2268 1868 2291 ex

1133 2312 1172 2334 eo
1186 2301 1378 2345 procedunt,
1390 2299 1478 2343 quod
1491 2299 1667 2344 imperium
1678 2301 1796 2335 melius
1809 2301 1869 2335 uni

1134 2355 1232 2395 quam
1245 2344 1405 2388 pluribus,
1423 2343 1477 2376 vel
1498 2343 1650 2387 pluribus
1668 2354 1768 2388 quam
1787 2353 1870 2390 pau—

1133 2387 1276 2421 cioribus
1291 2386 1516 2420 committitur.
1531 2386 1566 2420 ii.
1580 2390 1654 2421 276.

1134 2430 1248 2463 civitas
1271 2435 1360 2463 recte
1381 2430 1559 2473 gubernari
1572 2435 1682 2474 potest
1693 2430 1871 2464 monarcha

1134 2474 1265 2514 femina,
1280 2473 1332 2506 vel
1342 2483 1455 2524 puero,
1477 2473 1530 2506 vel
1546 2473 1683 2513 infante,
1697 2474 1795 2508 modo
1805 2474 1869 2508 mi-

1134 2516 1232 2549 nistri
1246 2516 1388 2560 negotiis
1402 2526 1498 2560 pares
1508 2516 1584 2550 sint.
1599 2516 1634 2550 ii.
1644 2518 1719 2551 276.

1135 2560 1213 2593 belli
1226 2560 1401 2603 imperium
1415 2559 1565 2593 civitates
1590 2569 1658 2592 non
1678 2559 1784 2594 solum
1797 2570 1869 2594 mo-

1134 2603 1307 2643 narchiae,
1326 2603 1385 2636 sed
1405 2602 1504 2636 etiam
1517 2603 1750 2637 aristocraticoe
1764 2609 1799 2637 et
1811 2603 1870 2636 de-

1135 2646 1320 2679 mocraticoe
1334 2656 1401 2679 nou
1413 2646 1479 2679 nisi
1492 2646 1552 2679 uni
1571 2646 1634 2679 soli
1655 2650 1761 2680 totum
1780 2646 1870 2681 defe-

1135 2695 1223 2728 runt,
1237 2690 1338 2740 idque
1352 2689 1640 2723 absolutissimum.
1654 2689 1689 2723 ii.
1703 2692 1778 2725 277.

1137 2739 1240 2783 status
1269 2733 1411 2784 ciyitatis
1436 2733 1580 2783 optimus
1606 2737 1680 2784 est..
1695 2733 1754 2766 ubi
1781 2733 1870 2784 cing

1135 2775 1634 2870 &mmmm
1652 2778 1871 2858 &zze-..⁸3

1135 2873 1165 2895 is
1180 2868 1284 2896 status
1299 2863 1443 2907 optimus
1463 2867 1560 2901 esset,
1581 2862 1639 2895 ubi
1658 2861 1788 2906 legibus
1802 2868 1870 2895 non

1136 2906 1306 2940 hominum
1336 2906 1394 2940 sed
1428 2906 1493 2940 Dei
1527 2910 1620 2940 metu
1646 2905 1807 2940 obeditum
1834 2905 1869 2939 ii.
