1982 3204
694 275 987 310 nmsromss.
1439 266 1527 309 301

149 389 246 438 alio
271 389 420 438 etiam
447 404 609 447 sensu,
634 403 788 452 eoque
807 386 1145 444 communiori,
1164 402 1306 449 posse
1331 386 1536 450 intelligi
1575 393 1689 424 ὓαῡα
1691 396 1774 421 *2²⁸⁸

1575 438 1648 467 }’.M
1653 446 1781 465 eeeee

149 481 247 529 quo
271 465 364 512 erit
387 464 580 512 falsum.
650 463 862 526 Ideoque
900 463 962 510 ab
993 462 1088 509 isto
1125 461 1355 524 loquendi
1390 463 1535 510 modo
1591 482 1780 505 κων-α

150 540 365 588 abstinui
400 547 455 587 ut
491 539 650 586 minus
683 547 817 601 apto,
843 546 892 586 et
928 537 1011 600 qui
1045 537 1307 584 lectoribus
1342 538 1537 586 errandi

152 615 457 663 occasionem
484 614 770 677 praebuisset
791 632 802 661 :
838 630 947 677 quae
970 628 1118 660 causa
1141 612 1235 660 fuit
1253 614 1537 676 Justissimss.

154 690 241 739 Ille
265 706 380 738 vero
405 689 545 737 valde
569 690 778 752 injustus
797 698 886 746 est,
907 688 1039 751 quod
1063 703 1153 751 pro
1172 688 1305 750 justa
1330 704 1427 736 non
1452 689 1538 736 ad-

152 766 339 814 mittat:
365 774 416 812 et
437 765 581 828 plane
601 765 924 827 importunus,
943 763 1074 826 quod
1090 763 1203 811 inde
1222 763 1340 811 velit
1358 763 1538 811 inferre

152 857 232 889 me
263 857 367 889 rem
402 855 500 887 non
533 848 665 887 recte
696 840 1008 897 intellexisse,
1033 855 1145 887 cum
1176 839 1279 902 ipse
1312 839 1443 887 illam
1476 855 1538 887 ne

155 931 287 964 nunc
312 915 507 979 quidem
543 914 801 977 intelligat,
827 922 880 962 ut
916 930 1027 962 mox
1052 915 1260 978 patebit:
1297 914 1540 977 audetque

154 991 234 1039 hic
265 991 476 1054 speciem
509 990 752 1053 quandam
787 990 1216 1038 demonstrationis
1250 1005 1540 1054 proponere,

154 1073 211 1114 ut
231 1082 333 1114 non
364 1065 751 1128 intelligentibus
779 1065 966 1113 illudat.
1037 1066 1167 1113 Nam
1203 1066 1361 1129 primo
1395 1066 1540 1113 velim

154 1140 280 1189 scire
303 1140 421 1204 quid
445 1148 689 1203 supponat
714 1156 826 1188 cum
857 1140 943 1198 ait,
982 1143 1011 1164 “
1037 1140 1195 1203 sitque
1218 1140 1452 1188 velocitas
1478 1141 1541 1189 ab

153 1216 202 1266 A
224 1231 392 1264 versus
419 1215 459 1262 B
496 1216 547 1263 in
576 1215 766 1263 ratione
797 1215 861 1263 ad
883 1215 1195 1263 velocitatem
1220 1216 1281 1263 ab
1307 1216 1350 1263 A
1374 1231 1541 1264 versus

154 1291 211 1350 C,
235 1307 381 1355 quam
406 1291 554 1339 habet
588 1291 694 1354 ipsa
716 1291 804 1338 AB
828 1290 891 1338 ad
915 1291 1070 1354 ipsam
1088 1291 1195 1339 AC:
1230 1291 1308 1339 hae
1332 1291 1441 1339 duae
1464 1307 1545 1339 ve-

154 1366 376 1415 locitates
400 1375 700 1430 componunt
715 1366 1024 1414 velocitatem
1045 1383 1154 1430 quae
1173 1375 1245 1414 est
1265 1383 1295 1414 a
1313 1367 1353 1414 B
1377 1382 1544 1414 versus
1561 1392 1570 1399 x

157 1442 276 1491 (ΡΨ.
348 1442 459 1490 Νοη
485 1442 615 1489 enim
638 1450 803 1505 potest
826 1458 1099 1505 supponere
1123 1442 1272 1505 pilam
1295 1443 1356 1489 ab
1373 1443 1418 1490 A
1440 1458 1545 1490 mo-

156 1517 260 1566 veri
284 1517 456 1565 eodem
481 1526 701 1580 tempore
726 1532 893 1564 versus
921 1517 960 1564 B
985 1525 1035 1564 et
1059 1518 1098 1565 C
1118 1536 1130 1564 ι
1166 1517 1261 1566 hoc
1285 1518 1415 1565 enim
1439 1517 1547 1565 fieri

155 1593 341 1656 nequit.
392 1592 490 1641 Sed
511 1593 679 1656 procul
703 1592 852 1640 dubio
871 1593 1026 1640 voluit
1050 1592 1212 1640 dicere
1236 1593 1547 1640 velocitatem

156 1686 189 1718 a
213 1669 253 1717 B
276 1684 446 1716 versus
468 1668 515 1716 A
538 1677 588 1716 et
618 1668 679 1716 C:
717 1668 787 1716 ita
816 1668 1002 1716 scilicet
1035 1677 1091 1717 ut
1122 1669 1425 1732 intelligatur
1446 1668 1548 1732 pila

156 1745 342 1794 moveri
365 1760 396 1791 a
419 1744 459 1792 Β
484 1759 652 1791 versus
677 1744 722 1791 A
746 1760 894 1807 supra
917 1744 1095 1792 lineam
1121 1745 1223 1803 BA,
1241 1754 1290 1792 et
1314 1751 1420 1792 tota
1441 1744 1548 1792 haec

156 1820 287 1869 linea
310 1820 398 1868 BA
422 1820 608 1867 moveri
631 1835 799 1867 versus
825 1819 869 1867 N
875 1820 929 1878 C,
955 1820 1026 1867 ita
1047 1827 1105 1867 ut
1128 1820 1302 1868 eodem
1325 1829 1547 1883 tempore

157 1895 259 1960 pila
278 1897 534 1959 perveniat
552 1911 582 1942 a
602 1894 641 1941 B
661 1894 723 1942 ad
745 1895 782 1941 A
805 1903 855 1942 et
878 1895 1008 1942 linea
1032 1895 1119 1942 BA
1138 1895 1202 1943 ad
1226 1895 1405 1943 lineam
1430 1895 1545 1943 NC:

157 1971 230 2020 sic
264 1970 394 2019 enim
432 1979 593 2018 motus
628 1970 740 2033 pilae
781 1970 1024 2018 describet
1065 1970 1243 2018 lineam
1280 1971 1379 2019 BC.
1449 1971 1548 2019 Sed

156 2046 286 2095 forte
329 2061 386 2093 ea
426 2045 487 2093 de
526 2044 769 2092 industria
804 2044 1036 2098 turbavit,
1062 2053 1118 2092 ut
1157 2045 1342 2108 aliquid
1384 2045 1547 2094 dicere

157 2120 422 2179 videretur,
442 2137 555 2168 cum
573 2128 737 2168 tamen
757 2137 927 2169 revera
940 2121 1061 2169 nihil
1075 2121 1208 2170 dicat
1224 2122 1357 2186 quod
1370 2138 1469 2170 non
1484 2123 1547 2170 sit

158 2196 303 2261 plane
326 2197 656 2259 nugatorium.
728 2196 796 2244 Ut
824 2196 956 2244 enim
986 2197 1162 2259 probet
1185 2198 1492 2246 velocitatem
1516 2215 1547 2246 a

162 2271 203 2319 B
226 2271 290 2320 ad
314 2272 354 2320 C
381 2272 608 2335 componi
643 2287 703 2319 ex
737 2272 1080 2320 velocitatibus
1104 2289 1134 2320 a
1159 2273 1197 2320 B
1222 2274 1285 2321 ad
1310 2274 1370 2332 A,
1403 2281 1453 2321 et
1483 2274 1545 2321 ab

161 2347 207 2395 A
228 2347 292 2396 ad
308 2347 363 2404 C,
379 2347 551 2395 dividit
564 2354 840 2411 utrumque,
859 2347 1068 2396 dicendo
1089 2350 1121 2373 ‘⁶
1136 2348 1365 2410 quoniam
1385 2356 1546 2397 motus

161 2421 225 2470 ab
249 2423 293 2471 A
316 2422 380 2471 ad
404 2423 444 2471 B
472 2423 587 2484 (hoc
610 2431 699 2481 est,
723 2439 754 2471 a
778 2423 818 2471 Β
842 2422 905 2471 ad
928 2423 995 2483 A)
1023 2425 1337 2487 componitur
1360 2441 1418 2473 ex
1443 2442 1548 2473 mo-

163 2496 296 2545 tibus
324 2497 387 2545 ab
418 2498 456 2544 F
478 2497 542 2546 ad
566 2498 604 2544 A
633 2506 683 2546 et
707 2498 745 2546 F
767 2498 831 2546 ad
855 2498 912 2556 B,
945 2514 1043 2546 non
1076 2499 1358 2547 contribuet
1385 2509 1548 2548 motus

163 2571 463 2634 compositus
482 2571 570 2620 AB
588 2572 696 2636 plus
714 2573 978 2622 celeritatis
997 2574 1061 2622 ad
1076 2583 1264 2623 motum
1277 2591 1308 2623 a
1326 2576 1366 2623 Β
1379 2592 1548 2623 versus

165 2645 221 2704 C,
252 2661 399 2709 quam
437 2647 704 2695 contribuit
740 2648 839 2704 FA,
862 2663 954 2696 nec
978 2649 1064 2697 AC
1099 2665 1245 2712 quam
1281 2651 1549 2698 contribuit

164 2720 281 2769 ΑΕ”
306 2727 402 2769 etc.
471 2720 615 2770 Unde
637 2721 818 2771 inferre
843 2722 1105 2783 debuisset,
1132 2724 1215 2773 BC
1235 2726 1463 2789 componi
1489 2740 1549 2773 ex

629 2889 653 2911 ⁹
682 2888 784 2927 Vide
803 2901 919 2939 supra
936 2902 973 2939 p.
994 2891 1084 2927 286.
