1982 3204
687 277 1131 313 RCCLRSIASTICA.
1500 262 1598 313 407

213 389 403 447 Exurgit
420 389 619 432 damnata
639 387 782 439 Fides,
802 387 1011 430 clamante
1032 385 1239 434 Luthero,

273 455 362 510 Qui
382 470 536 513 magno
555 453 733 511 populos
751 459 943 510 permeat
962 467 1033 494 ore
1053 451 1256 506 loquens:

214 522 485 577 Disciditque
505 521 607 564 locis
628 520 723 577 plus
743 526 914 563 centum
934 517 1042 561 retia
1062 517 1207 573 Papae,

274 587 417 631 Texta
436 603 461 629 a
480 586 705 634 nobilibus,
727 585 799 628 sed
819 584 928 627 male
949 591 1069 626 texta
1082 582 1247 626 scholis.

217 653 346 697 Unde
366 659 472 709 quot
491 651 620 708 elapsi
639 666 774 708 reges,
795 651 1007 705 urbesque
1026 655 1235 705 potentes,

273 719 424 777 Papali
444 725 618 775 portant
636 716 770 760 libera
788 716 896 759 colla
908 716 1038 772 jugo:
1491 716 1605 755 2180

217 785 359 841 Quam
379 785 436 828 sit
455 784 614 840 ubique
634 783 723 826 sere
744 782 874 838 Papae
896 795 1011 823 nunc
1030 787 1153 823 tonsa
1170 785 1371 836 potestas,

274 851 429 894 Dicere
449 865 535 893 non
555 864 661 906 opus
681 855 747 891 est
765 847 984 904 pluribus:
1016 847 1107 903 ipse
1125 845 1255 889 vides.

216 917 304 961 Soc.
337 915 466 972 Quod
484 923 617 959 restat
636 914 771 958 video.
835 913 919 957 Sed
940 920 983 956 te
1003 913 1100 956 volo
1119 927 1255 970 pauca
1272 926 1435 969 rogare,

273 983 336 1027 Et
354 981 627 1040 respondebis
646 988 697 1024 tu
716 979 927 1023 brevitate
947 986 1036 1022 tua.

218 1048 370 1095 Gloria
388 1055 480 1092 erat
499 1047 713 1104 quondam
729 1046 914 1089 Romani
933 1044 1126 1102 praesulis
1144 1044 1322 1102 ingens:

275 1114 470 1160 calcavit
489 1113 668 1171 pedibus
687 1112 807 1169 regia
825 1111 933 1154 colla
952 1111 1052 1154 suis.

217 1180 340 1224 Illius
359 1179 573 1224 innumeri
593 1193 715 1236 reges
735 1178 935 1221 mandata
953 1178 1196 1228 manebant,

274 1247 337 1291 Et
354 1262 504 1305 regum
523 1245 714 1289 cicurum
733 1244 846 1288 bella
864 1244 1041 1301 gerebat
1059 1258 1152 1300 ope.

217 1314 286 1359 Ut
304 1313 338 1358 J
340 1313 444 1363 ονίε,
465 1312 580 1355 illiue
599 1318 811 1354 tremuere
830 1310 885 1353 ad
904 1310 1087 1353 fulmina.
1103 1316 1267 1367 gentes,

279 1379 408 1425 Sacro
427 1379 609 1436 figentes
629 1377 773 1421 oscula
791 1376 948 1420 blanda
966 1376 1075 1434 pedi.
1498 1376 1612 1418 2190

221 1446 408 1491 Divitias
427 1445 563 1489 omnis
582 1446 762 1502 cogebat
781 1451 935 1487 ventus
954 1443 1007 1486 ad
1027 1443 1161 1491 illum,

278 1512 481 1571 Frigidus
500 1511 658 1561 Eurus,
682 1510 804 1561 Aser,
826 1510 1060 1566 Vesperus,
1081 1516 1127 1552 et
1146 1508 1320 1552 Boreas.

221 1579 304 1624 me
323 1579 472 1623 sedens
489 1584 601 1620 nutu
620 1576 804 1620 librabat
822 1583 978 1619 cuncta
996 1575 1195 1618 verendo.

280 1645 410 1701 Quod
427 1650 596 1688 curaret
614 1650 707 1686 erat
725 1649 880 1699 praeter
898 1642 1015 1684 hiare
1035 1641 1155 1684 nihil.

222 1711 354 1755 Adde
373 1710 489 1767 quod
508 1709 553 1752 in
572 1715 670 1752 tuto
688 1708 775 1751 suit
793 1708 857 1751 illi
875 1715 997 1751 tanta
1014 1713 1229 1764 potestas;

283 1776 331 1822 Si
349 1784 471 1834 potes
490 1776 535 1818 in
554 1775 680 1818 terris
699 1774 804 1831 quid
822 1774 999 1831 repirire
1018 1780 1172 1816 ratum.

225 1842 377 1887 Stabat
395 1857 581 1898 namque
602 1855 731 1898 super
749 1839 955 1897 populum
974 1838 1155 1882 fundata
1171 1837 1411 1881 volentem:

283 1908 412 1964 Quod
432 1923 519 1951 non
539 1907 626 1950 fert
644 1906 840 1963 populus,
861 1905 898 1948 si
916 1906 1026 1948 bene
1038 1905 1230 1961 junctus,
1250 1919 1358 1947 onus
1370 1904 1391 1946 ’.Ρ

226 1975 296 2019 At
313 1974 518 2032 populum
539 1988 665 2015 sensu
684 1971 848 2015 varium
868 1986 935 2014 res
954 1971 1082 2014 unica
1092 1969 1255 2027 jungit,

281 2040 316 2086 J
317 2056 415 2084 ussa
433 2040 500 2083 sui
519 2039 631 2096 regis
644 2039 765 2093 jussa
782 2045 933 2095 putare
953 2036 1052 2080 Dei.
1502 2037 1616 2076 2200

224 2107 260 2152 J
260 2123 358 2151 unsa
377 2106 463 2150 Dei
481 2105 651 2163 populis
670 2119 767 2148 cum
787 2104 902 2147 solus
921 2103 1042 2160 Papa
1059 2102 1237 2153 ferebat,

283 2173 346 2216 Et
363 2172 616 2216 credebatur
635 2170 710 2214 vix
729 2170 867 2213 minor
886 2185 978 2213 esse
995 2169 1117 2212 Deo:

229 2238 340 2295 Quis
358 2245 528 2282 tantum
547 2236 785 2294 imperium,
806 2243 896 2278 tam
914 2235 1000 2279 fido
1019 2234 1156 2278 milite
1174 2233 1348 2285 fultum,

284 2304 412 2362 Rupe
432 2304 563 2347 situm
582 2302 706 2353 celsa,
726 2317 848 2360 posse
863 2301 1000 2359 perire
1019 2301 1174 2359 putet?

227 2369 396 2414 Verum
415 2384 530 2414 nunc
548 2369 690 2412 minus
709 2375 787 2412 est.
848 2367 1148 2424 Quodcunque
1167 2366 1381 2411 attriverit
1399 2372 1514 2417 setae,

287 2435 482 2479 Tandem
500 2442 546 2479 et
563 2434 771 2486 conficiet,
792 2434 921 2477 dente
939 2434 1041 2477 licet
1058 2433 1202 2477 tacito.

231 2501 477 2558 Magnaque
489 2500 743 2558 jampridem
761 2500 889 2557 periit
907 2515 1005 2556 pars
1023 2515 1124 2543 ense
1142 2504 1305 2543 resecta

288 2567 595 2618 Machummet,
615 2581 744 2623 quam
763 2581 880 2610 nunc
900 2565 1085 2609 Turcica
1101 2566 1226 2608 Luna
1243 2563 1367 2622 regit.

231 2634 340 2678 Pars
359 2647 530 2689 quoque
548 2632 706 2676 defecit
723 2632 860 2676 doctis
879 2632 1063 2676 abducta
1080 2632 1265 2675 Lutheri

292 2698 484 2756 Scriptis,
504 2698 580 2755 qui
598 2713 763 2742 servam
781 2698 920 2742 noluit
939 2713 1029 2742 esse
1050 2698 1214 2742 Fidem.
1503 2698 1616 2739 2210

232 2764 407 2822 Longos
427 2778 535 2821 saepe
553 2763 644 2808 dies
661 2763 753 2808 sine
772 2764 931 2808 solibus
949 2763 1011 2807 ire
1030 2763 1235 2815 videmus,

290 2829 546 2886 Cunctaque
565 2835 769 2886 perpetua
788 2829 940 2886 sydera
958 2830 1072 2872 nube
1091 2829 1206 2886 tegi·

235 2896 378 2951 Quam
401 2894 475 2939 Sol
493 2909 595 2938 mox
613 2894 726 2938 altus
746 2901 973 2951 penetrans
992 2894 1258 2938 vibrantibus
1277 2893 1403 2936 armis

1445 654 1514 669 q
