1982 3204
466 297 714 337 Αιιαυοτ
738 295 1101 331 mmmm-meix
1132 295 1248 330 mc.
1458 286 1543 330 191

156 406 287 459 drati
302 408 366 458 ad
389 409 657 457 sectionem
681 406 849 456 circuli
873 405 1094 469 inscripti
1118 412 1175 453 ut
1201 411 1227 452 5
1253 404 1316 452 ad
1336 411 1383 453 4.
1418 405 1550 469 Ergo
1615 423 1706 450 cu».
1724 423 1780 449 nx.

154 492 214 535 ut
234 484 527 548 quadratum
549 482 730 531 ABCD
754 480 818 529 ad
840 480 1077 528 circulum
1107 479 1299 538 GEHF,
1325 479 1376 527 id
1399 488 1472 527 est
1497 488 1550 528 ut
1588 467 1800 539 nm.

159 566 188 609 5
213 559 278 608 ad
301 566 348 619 4,
381 559 465 617 ita,
491 573 577 621 per
600 557 754 605 Elem.
779 555 843 603 vi.
872 571 1012 619 prop.
1045 560 1085 613 1,
1117 561 1261 602 erunt
1285 569 1461 602 omnes·
1485 555 1548 602 si-
1586 558 1798 622 ffssffiuffl·

157 634 262 684 mul
297 634 541 683 sectiones
565 632 692 689 cubi,
718 631 770 679 id
802 639 876 679 est
908 630 1079 686 cubuS,
1110 629 1174 678 ad
1209 645 1380 677 omnes
1410 629 1552 677 simul

158 712 400 760 sectiones
422 708 647 773 cylindri,
672 707 723 755 id
748 715 823 755 est
845 714 902 754 ut
926 711 955 753 5
980 705 1044 754 ad
1068 711 1117 753 4.

228 800 290 834 11.
327 784 616 848 Superficies
639 783 752 831 cubi
776 781 840 830 ad
863 781 1171 845 superficiem
1203 780 1297 828 sibi
1328 780 1552 843 inscripti

161 859 370 925 cylindri
393 868 467 908 est
490 867 546 907 ut
570 865 598 906 5
632 858 696 906 ad
716 864 762 906 4.
833 858 922 905 Est
953 857 1084 904 enim
1122 855 1402 919 superficies
1442 855 1549 905 eux?

161 935 362 1000 aequalis
385 951 471 984 sex
493 934 743 999 quadratis
767 949 798 981 a
820 933 972 981 latere
995 932 1098 980 sive
1132 931 1393 980 altitudine
1425 931 1553 979 cubi.

163 1010 384 1076 cylindri
413 1019 576 1059 autem
611 1009 918 1073 superficiem
950 1008 1055 1056 sine
1086 1007 1283 1055 basibus
1317 1006 1556 1070 aequalem

161 1101 268 1135 esse
301 1094 512 1150 quatuor
546 1085 740 1133 circulis
776 1084 828 1132 in
865 1083 1058 1147 sphaera
1093 1082 1335 1141 maximis,
1361 1090 1412 1130 et
1445 1097 1556 1130 eum

161 1161 359 1210 basibus
377 1176 462 1209 sex
477 1160 688 1218 circulis,
705 1158 1060 1208 demonstravit
1083 1157 1420 1215 Archimedes,
1435 1158 1520 1205 lib.
1540 1158 1557 1204 i

162 1236 244 1286 De
277 1235 495 1301 Sphaera
526 1242 575 1283 et
602 1235 860 1299 Cylindrv.
931 1234 1062 1283 Tota
1092 1249 1210 1297 ergo
1235 1233 1445 1296 cylindri
1481 1248 1556 1280 su-

160 1311 386 1376 perficies
404 1311 605 1375 aequalis
622 1319 697 1358 est
714 1326 799 1359 sex
817 1309 1013 1359 circulis
1031 1310 1084 1358 in
1103 1310 1295 1373 sphaera
1318 1309 1557 1357 maximis.

162 1388 253 1436 Est
282 1402 401 1449 ergo
433 1387 547 1435 cubi
585 1387 868 1451 superficies
903 1385 967 1434 ad
1003 1384 1213 1450 cylindri
1250 1385 1570 1448 superficiem

163 1470 321 1512 totam
343 1468 401 1511 ut
423 1478 508 1511 sex
532 1462 774 1526 quadrata
797 1461 861 1510 ad
884 1477 969 1510 sex
992 1461 1201 1509 circulos
1226 1460 1482 1518 maximos,
1507 1460 1559 1508 id

164 1547 257 1597 est,
281 1546 339 1586 ut
361 1553 515 1586 unum
547 1537 843 1601 quadratum
866 1536 931 1585 ad
963 1553 1118 1585 unum
1142 1536 1237 1585 sibi
1268 1536 1559 1600 inscriptum

165 1614 421 1670 circulum,
445 1612 496 1661 id
519 1621 608 1672 est,
633 1621 688 1661 ut
713 1619 741 1661 5
767 1612 831 1660 ad
855 1619 902 1661 4.

231 1704 320 1739 ιιι.
355 1689 521 1738 Cubus
544 1689 608 1737 ad
631 1689 872 1752 sphaeram
897 1688 990 1736 sibi
1014 1688 1303 1752 inscriptam
1326 1695 1399 1736 est
1422 1693 1477 1735 ut
1504 1692 1557 1734 15

164 1765 229 1815 ad
251 1771 299 1815 8.
352 1765 518 1814 Cubus
541 1765 673 1813 enim
701 1764 766 1812 ad
790 1763 1082 1828 cylindrum,
1105 1774 1164 1812 ut
1181 1767 1284 1829 jam
1309 1771 1560 1812 ostensum

165 1849 256 1902 est,
282 1848 358 1890 est
380 1849 435 1890 ut
459 1848 487 1890 5
515 1841 579 1888 ad
602 1847 650 1888 4.
721 1839 987 1903 Cylindrus
1010 1847 1175 1888 autem
1209 1840 1274 1890 ad
1303 1840 1559 1903 sphaeram‚

163 1925 223 1967 ιιι
258 1916 614 1966 demonstravit
636 1915 956 1964 Archimedes
986 1915 1070 1963 lib.
1094 1916 1112 1964 i
1134 1917 1218 1965 De
1259 1915 1476 1981 Sphaera
1510 1920 1562 1961 et

170 1991 422 2057 Cyliudro,
447 2000 523 2040 est
552 1999 609 2039 ut
643 1997 673 2040 3
709 1990 773 2039 ad
804 1997 852 2039 2.
922 1990 1247 2055 Componitur
1278 2007 1395 2053 ergo
1433 1989 1560 2037 ratio

166 2068 282 2117 cubi
315 2067 380 2116 ad
416 2067 656 2131 sphaeram
695 2082 756 2114 ex
793 2065 1065 2115 rationibus
1091 2072 1119 2115 5
1145 2066 1208 2115 ad
1232 2073 1262 2114 4
1288 2074 1339 2114 et
1372 2071 1403 2113 3
1427 2064 1490 2112 ad
1514 2069 1561 2112 2.

167 2144 276 2192 Fiat
297 2159 417 2207 ergo
440 2150 496 2191 ut
515 2149 546 2191 3
569 2142 633 2190 ad
656 2149 685 2191 2
711 2142 782 2190 ita
804 2147 834 2189 4
853 2141 918 2190 ad
940 2141 1084 2190 aliam
1105 2161 1116 2189 :
1142 2142 1227 2191 illa
1238 2157 1356 2190 vero
1376 2141 1471 2188 erit
1489 2143 1562 2195 2}-

167 2219 315 2269 Ratio
338 2234 456 2283 ergo
483 2225 511 2266 5
536 2218 600 2266 ad
623 2213 683 2266 2}
706 2217 1018 2281 componitur
1053 2233 1114 2265 ex
1146 2217 1418 2266 rationibus
1450 2214 1563 2263 cubi

167 2296 234 2346 ad
255 2295 532 2361 cylindrum
568 2302 619 2343 et
652 2293 862 2358 cylindri
892 2293 957 2341 ad
987 2293 1245 2358 sphaeram.
1316 2292 1405 2340 Est
1445 2306 1562 2353 ergo

169 2372 323 2421 cubus
345 2371 409 2420 ad
432 2371 676 2435 sphaeram
698 2377 755 2418 ιιι
778 2375 807 2418 5
839 2369 904 2417 ad
927 2369 1014 2423 24:
1048 2369 1101 2417 id
1124 2377 1212 2428 est,
1237 2366 1563 2430 multiplicato

166 2455 380 2510 utroque
403 2462 491 2510 per
514 2452 561 2502 3,
584 2453 642 2494 ιιι
671 2451 728 2493 15
754 2444 819 2493 ad
842 2450 890 2492 8.

235 2537 314 2572 lv,
350 2521 553 2585 Sphaera
574 2520 776 2585 aequalis
799 2526 875 2568 est
906 2518 1109 2567 dimidio
1133 2517 1355 2581 cylindro
1379 2516 1457 2564 cui
1491 2522 1564 2563 est

170 2596 450 2660 inscriptus,
472 2613 572 2645 una
595 2612 709 2645 cum
732 2595 935 2644 dimidio
958 2610 1084 2643 cono
1108 2594 1194 2657 qui
1228 2593 1386 2641 eidem
1411 2591 1563 2655 cylin-

171 2670 263 2720 dm
284 2678 360 2719 est
376 2671 655 2735 inscriptus.
705 2670 830 2720 Cum
853 2670 984 2718 enim
1009 2669 1394 2718 demonstratum
1419 2668 1482 2715 sit
1500 2665 1562 2713 ab

171 2745 467 2795 Atellimede
489 2745 763 2809 cylindrum
786 2745 851 2794 ad
874 2745 966 2793 sibi
996 2745 1285 2808 inscriptam
1320 2743 1562 2806 sphaeram

173 2836 279 2870 esse
302 2828 359 2869 ut
382 2826 413 2868 3
436 2820 502 2868 ad
523 2827 571 2879 2,
594 2828 646 2869 et
667 2820 732 2869 ad
754 2820 1042 2882 inscriptum
1067 2834 1246 2867 conum
1268 2825 1324 2865 ut
1356 2823 1386 2864 3
1410 2815 1473 2863 ad
1503 2820 1520 2861 1
1548 2832 1560 2860 :

174 2903 322 2946 erunt
342 2893 607 2959 cylindrus,
631 2894 839 2958 sphaera,
854 2901 906 2942 et
928 2908 1083 2942 conus
1106 2900 1163 2941 ut
1186 2899 1234 2950 3,
1249 2898 1296 2950 2,
1314 2899 1366 2939 et
1387 2896 1428 2938 1.
1465 2886 1563 2936 Sed
