1982 3204
0 2765 13 2841 ³2¹*ssae
0 2602 20 2758 ¹·51··0-rf-s⁷ff·÷
0 2044 26 2590 smne-ww
0 1955 18 2036 ⁸⁸⁷³!-
0 1893 17 1948 71?
0 1844 13 1883 ην
0 1714 17 1834 “vav-r·
0 1273 17 1706 vum-*w--wm-*s-v-x’
0 1163 13 1266 *ww-m·
9 1130 11 1135 Α
7 1040 10 1042 -
0 989 6 1015 ··’
10 943 15 966 „v

507 274 753 313 Αιιαυοτ
779 269 1139 308 onom-rama
1167 273 1284 307 πετο.
1492 264 1588 309 203

203 383 489 447 acquiescit.
557 385 655 434 Sed
690 385 965 449 philosophi
988 393 1180 432 veteres
1212 384 1461 447 perpetuis
1491 384 1588 432 dis·
1653 405 1742 432 cn.
1760 404 1816 431 11.

199 460 541 522 putationibus
587 461 828 516 innutriti,
874 460 1066 524 quoties
1117 459 1179 507 de
1225 459 1587 522 comparatione
1606 449 1837 519 mm

198 543 425 583 motuum
463 544 514 585 et
550 536 943 599 magnitudinum
978 534 1382 592 contendebatur,
1418 535 1589 597 figuris
1605 533 1691 561 ‘¹⁰⁰²

202 610 490 674 plerumque
513 611 772 675 descriptis
803 620 951 674 atque
990 619 1106 659 ante
1134 609 1304 658 oculos
1328 608 1591 672 discipulo-

202 701 312 736 rum
343 702 541 735 suorum
576 687 761 751 positis,
797 687 859 734 ab
899 685 994 734 illis
1026 685 1162 748 quasi
1198 684 1419 742 ostensis,
1442 685 1493 733 id
1514 695 1594 733 est

199 761 386 824 aliquid
417 762 624 825 amplius
659 771 718 809 ut
750 761 993 824 putabant
1018 776 1164 823 quam
1186 759 1421 823 probatis,
1446 776 1591 825 argu-

201 845 368 885 menta
401 852 489 884 sua
526 835 838 900 appellabant
876 843 1091 893 ἀποδείξεις,
1128 835 1179 883 id
1203 834 1376 883 Latine
1406 844 1483 883 est
1506 829 1592 884 ab·

199 911 595 960 monstratione&
664 911 711 959 N
715 927 811 959 unc
842 919 1006 959 autem
1029 911 1380 974 unusquisque,
1401 911 1593 973 quoties

198 987 347 1050 paulo
369 987 704 1036 vehementius
727 986 911 1050 aliquid
944 986 1134 1044 asserit,
1158 986 1518 1036 demonstrasse
1541 1002 1593 1035 se

198 1062 426 1111 affirmat.

265 1137 630 1187 Demonstratio
674 1145 839 1186 autem
884 1146 974 1196 est,
1022 1136 1218 1201 quando
1264 1137 1593 1187 conclusionis

197 1214 378 1262 veritas
411 1214 735 1262 fundamenta
756 1213 914 1277 prima
938 1213 1090 1261 habet
1121 1213 1172 1260 in
1196 1212 1291 1260 illis
1316 1213 1461 1261 rebus
1484 1230 1594 1278 quae

192 1298 315 1338 sunt
346 1290 448 1353 jam
479 1300 596 1338 ante
636 1289 732 1337 iliis
763 1289 977 1351 coguitae
1010 1304 1132 1352 quos
1155 1288 1422 1351 alloquitur
1444 1289 1486 1336 is
1508 1291 1593 1353 qui

196 1365 390 1429 probat.
451 1366 574 1414 Haec
596 1373 761 1413 autem
785 1364 1107 1412 fundamenta
1129 1372 1245 1411 sunt
1268 1364 1593 1426 Affinitionee,

196 1449 250 1489 et
287 1450 524 1505 praeterea
559 1440 830 1495 axiomata,
866 1455 978 1502 quae
1019 1439 1354 1487 demonstrata
1394 1440 1593 1503 quidem

195 1532 299 1565 non
322 1525 453 1574 sunt,
467 1532 584 1564 vera
605 1524 767 1564 autem
785 1524 835 1564 et
857 1516 983 1563 bene
1001 1515 1252 1564 intellecta
1268 1531 1374 1564 esse
1392 1516 1591 1565 debent.

198 1591 331 1640 Nam
367 1608 398 1640 a
437 1592 564 1640 veris
604 1592 727 1640 nihil
774 1591 944 1639 inferri
979 1600 1145 1654 potest
1178 1601 1358 1655 praeter
1391 1607 1591 1640 verum:

197 1683 355 1732 neque
394 1668 653 1732 quicquam
698 1667 827 1726 sciri,
875 1667 1188 1731 quantumvis
1228 1683 1414 1726 verum,
1459 1667 1593 1732 quod

195 1759 295 1792 non
318 1744 383 1792 sit
405 1744 726 1792 intellectum.

264 1819 471 1878 Quarto,
497 1819 651 1883 quaeri
674 1826 855 1882 potest,
889 1818 999 1882 quis
1022 1818 1380 1877 definitionum,
1403 1827 1455 1867 et
1477 1819 1589 1882 quis

195 1894 495 1943 axiomatum
519 1895 583 1942 sit
599 1909 733 1942 usus,
784 1893 1137 1942 Definitionum
1162 1909 1277 1942 usus
1300 1894 1588 1943 manifestus

191 1969 277 2018 hic
300 1978 389 2028 est,
413 1979 473 2019 ut
493 1970 536 2018 is
560 1971 640 2018 cui
669 1969 1046 2028 demonstratur,
1070 1969 1488 2019 demonstrantem
1512 1971 1589 2018 in-

190 2045 386 2110 telligat
404 2062 551 2110 quam
568 2045 704 2094 vocis
727 2045 943 2094 definitae
966 2045 1376 2108 significationem
1400 2054 1587 2095 certam

187 2130 247 2170 et
269 2121 474 2170 eandem
497 2122 679 2185 ubique
703 2136 810 2170 esse
823 2121 958 2169 velit.
1001 2121 1305 2185 Significatio
1328 2122 1460 2170 enim
1477 2138 1588 2186 quae

186 2205 416 2246 “mutatur
436 2197 578 2246 fallit.
632 2197 770 2245 Facit
788 2213 907 2260 ergo
930 2196 1151 2245 definitio
1169 2196 1234 2247 ad
1257 2197 1589 2246 intellectum:

194 2273 311 2337 quia
343 2273 449 2321 sine
484 2273 742 2321 intellectu
780 2288 942 2335 neque
982 2272 1338 2321 demonstratio
1379 2273 1463 2324 illa
1498 2281 1588 2330 est,

193 2363 353 2412 neque
383 2349 435 2396 in
462 2364 521 2396 eo
553 2349 636 2412 qui
668 2347 794 2396 dixit
822 2348 924 2395 ulla
962 2348 1021 2395 fit
1056 2348 1276 2406 scientia,
1301 2348 1390 2396 sed
1419 2363 1590 2395 neces-

194 2423 323 2472 sario
345 2423 460 2471 inde
496 2423 793 2472 introductae
817 2432 933 2471 sunt
956 2422 1299 2471 distinctiones
1323 2423 1589 2486 intempes-

194 2498 308 2547 tivae
331 2507 382 2547 et
406 2499 643 2556 obscurae,
661 2498 785 2546 adeo
810 2508 867 2546 ut
884 2514 1055 2546 eorum
1078 2514 1185 2562 quae
1209 2498 1442 2546 dicuntur
1465 2497 1588 2545 nihil

195 2573 374 2622 existat
418 2574 469 2622 in
506 2573 873 2638 imaginatione.
943 2573 1071 2621 Sunt
1115 2573 1314 2636 quidem
1354 2573 1587 2621 veritates

196 2664 307 2712 quae
330 2648 445 2696 sciri
466 2649 529 2697 ab
550 2649 749 2697 homine
768 2649 968 2697 omnino
989 2665 1091 2696 non
1114 2657 1352 2712 possunt:
1389 2648 1586 2695 demon·

195 2730 401 2771 stratum
425 2731 590 2772 autem
605 2724 739 2787 quod
754 2724 817 2772 ab
837 2724 1034 2772 homine
1051 2724 1260 2787 intelligi
1283 2740 1383 2772 non
1406 2731 1584 2787 potest,

195 2797 317 2847 nihil
341 2806 431 2846 est.

263 2873 576 2922 Axiomatum
602 2889 720 2923 usus
750 2882 842 2934 est,
866 2874 918 2923 in
954 2890 1013 2923 eo
1044 2874 1176 2938 quod
1208 2872 1584 2922 demonstratio-
