1982 3204
419 240 514 282 292
961 250 1254 284 EPISTOLAE.

419 377 510 409 nus
543 361 798 410 Descartes
835 362 1137 410 demonstret
1174 361 1358 424 aliquid
1397 361 1448 409 in
1485 361 1800 409 contrarium.

421 437 546 484 Nam
574 438 932 501 suppositiones
965 439 1059 486 illae
1096 438 1155 485 de
1187 453 1418 500 pororum
1442 437 1726 500 parietibus,
1751 443 1802 484 et

421 511 480 559 de
505 513 735 561 velociori
766 522 900 562 motu
933 514 1128 562 luminis
1163 514 1213 561 in
1242 513 1364 561 duro
1389 529 1533 576 quam
1567 513 1615 560 in
1651 512 1802 570 molli,

419 588 496 636 vel
521 589 570 636 in
591 589 741 637 denso
761 606 906 651 quam
931 590 981 637 in
1005 606 1115 637 raro
1138 590 1270 650 (utro
1290 589 1419 636 enim
1438 589 1584 637 modo
1603 589 1804 652 loquen-

421 663 538 711 dum
561 665 623 712 sit
654 665 833 722 nescio,
863 665 1020 713 donec
1049 665 1166 712 mihi
1200 665 1506 712 definitiones
1538 679 1648 712 suas
1673 663 1803 720 duri,

421 738 599 797 mollis,
617 739 768 798 densi,
790 747 838 787 et
856 740 969 787 rari
988 739 1433 797 communicaverit,
1450 739 1581 803 quod
1599 739 1648 786 in
1667 738 1804 786 libris

421 815 519 862 suis
553 832 653 863 non
687 816 826 875 fecit)
855 816 1099 873 aberrant,
1136 831 1245 862 mea
1269 814 1467 877 quidem
1491 813 1751 871 sententia,
1776 829 1805 860 a

421 907 536 939 vera
559 890 791 938 methodo
816 890 1196 938 demonstrandi.

487 967 650 1024 N0n0‚
676 966 845 1014 scribis
877 966 1074 1013 domino
1099 966 1358 1013 Descartes
1383 964 1537 1012 videri
1571 980 1649 1011 me
1683 963 1806 1012 nihil

420 1042 639 1090 attulisse
664 1051 836 1090 contra
860 1042 1325 1089 demonstrationem
1356 1042 1459 1103 ejus
1482 1040 1805 1099 refractionis‚

421 1134 567 1181 quam
593 1126 755 1165 tamen
774 1117 1117 1164 damnaveram
1140 1135 1151 1164 :
1175 1132 1332 1179 neque
1351 1116 1618 1163 advertisse
1642 1115 1807 1163 differ-

421 1194 604 1241 entiam
629 1209 738 1257 quae
756 1202 830 1240 est
852 1194 981 1239 inter
1004 1192 1348 1239 refractionem
1370 1192 1480 1255 pilae
1504 1192 1805 1254 aliorumque

422 1285 682 1332 corporum
715 1269 766 1316 in
801 1284 978 1330 aquam
1013 1267 1349 1325 incidentium,
1376 1276 1426 1315 et
1461 1266 1806 1315 refractionem

420 1345 632 1392 luminis.

489 1419 806 1483 Respondeo:
843 1435 921 1467 me
952 1418 1083 1466 illam
1117 1418 1482 1466 distinctionem
1506 1427 1557 1465 et
1587 1417 1806 1465 animad-

420 1496 622 1543 vertisse
651 1503 700 1542 et
734 1494 977 1542 attulisse:
1014 1510 1189 1557 nempe
1213 1494 1345 1541 illam
1369 1493 1522 1556 ipsam
1547 1508 1689 1556 quam
1726 1492 1808 1540 ille

421 1588 567 1635 supra
591 1571 840 1619 damnavit
858 1578 906 1618 et
922 1586 1012 1633 ego
1034 1570 1245 1617 defendi.
1294 1570 1471 1617 Utrum
1497 1578 1662 1616 autem
1685 1568 1808 1616 nihil

421 1649 669 1696 attulerim
711 1655 884 1695 contra
924 1648 1028 1710 ejus
1071 1647 1444 1710 explicationem
1483 1645 1806 1703 refractionis,

415 1723 660 1787 judicabis
675 1731 746 1781 tu,
763 1721 1183 1769 Reverendissime
1201 1722 1359 1779 Pater,
1376 1721 1459 1784 qui
1477 1722 1629 1784 ipsam
1649 1737 1807 1768 meam

421 1799 676 1863 epistolam
700 1798 830 1862 apud
854 1806 902 1845 te
925 1798 1091 1845 habes.
1162 1797 1436 1844 Confitetur
1470 1805 1635 1844 tamen
1671 1796 1805 1859 obje-

420 1876 543 1923 cisse
575 1891 651 1922 me
679 1874 1054 1938 repugnantiam
1079 1872 1324 1936 quandam
1359 1888 1470 1919 cum
1506 1871 1807 1935 experientia

419 1951 470 1998 in
493 1951 752 2014 hypothesi
778 1951 898 2013 ejuS‚
919 1949 1050 2013 quod
1069 1956 1201 1996 certe
1219 1948 1378 2011 ipsum
1396 1963 1496 1995 non
1515 1956 1589 1995 est
1605 1963 1804 2010 parum:

417 2027 497 2074 cui
514 2035 680 2074 tamen
700 2025 964 2088 objectioni
983 2041 1080 2072 non
1100 2023 1376 2087 respondet.
1414 2023 1680 2071 Observavi
1699 2023 1805 2086 qui·

419 2102 530 2150 dem
554 2102 604 2149 in
628 2101 926 2158 fluminibus,
951 2100 1162 2147 velocius
1185 2099 1302 2147 ferri
1325 2115 1500 2162 aquam
1523 2099 1652 2146 inter
1669 2098 1805 2146 navi-

418 2179 500 2241 gia
523 2194 668 2241 quam
692 2178 895 2225 liberam
921 2185 969 2224 et
993 2175 1077 2223 ubi
1100 2191 1198 2222 non
1222 2174 1500 2237 impeditur.
1556 2173 1805 2237 Applicari

418 2261 582 2301 autem
600 2254 694 2301 hoc
708 2253 936 2316 praesenti
953 2251 1101 2299 dubio
1121 2267 1219 2298 non
1234 2258 1410 2313 potest,
1426 2249 1539 2313 quia
1555 2248 1606 2296 id
1623 2248 1805 2296 accidit

419 2344 480 2376 ex
503 2329 773 2376 elevatione
797 2344 951 2390 aquae,
983 2327 1068 2374 ubi
1103 2326 1320 2389 sequitur
1355 2333 1515 2373 motus
1538 2323 1753 2371 velocior
1775 2340 1805 2372 a

418 2404 685 2467 gravitate:
724 2403 856 2466 quod
879 2403 984 2450 fieri
1009 2418 1107 2449 non
1130 2409 1293 2464 potest
1323 2400 1374 2447 in
1410 2399 1614 2447 materia
1637 2399 1805 2447 subtili

420 2480 537 2528 dum
559 2487 780 2543 permeat
803 2494 949 2542 poros
974 2493 1234 2540 corporum
1258 2475 1507 2533 durorum,
1533 2475 1648 2538 quia
1669 2474 1805 2524 nulla

419 2555 486 2603 ibi
510 2556 566 2603 fit
589 2554 809 2612 elevatio,
830 2569 987 2617 neque
1010 2553 1108 2600 ulla
1127 2560 1200 2600 est
1224 2551 1436 2615 gravitas
1459 2551 1675 2599 materiae
1700 2551 1805 2615 eJus

420 2631 626 2679 subtilis.
696 2629 944 2687 Similiter,
970 2628 1164 2692 quando
1200 2643 1376 2690 corpus
1408 2642 1557 2690 grave
1583 2635 1805 2675 movetur

419 2707 606 2756 tardius
625 2722 770 2769 super
794 2713 1009 2768 tapetem
1028 2704 1234 2752 sericum
1254 2719 1398 2766 quam
1423 2717 1569 2765 super
1586 2717 1803 2749 mensam

419 2798 756 2840 marmoream,
797 2781 922 2829 ratio
963 2781 1066 2844 ejus
1106 2779 1177 2828 rei
1219 2787 1293 2827 est
1328 2778 1460 2842 quod
1496 2778 1803 2842 insurgentes

418 2859 597 2921 tapetis
642 2865 806 2922 partes
852 2855 1120 2904 anteriores
1167 2860 1423 2918 opponunt
1463 2869 1514 2900 se
1560 2851 1804 2916 prementi
