1982 3204
313 253 408 295 386
872 259 1138 293 ms'romA

370 369 488 424 Quid
509 368 674 412 faciunt
695 383 795 425 ergo
818 374 883 410 tot
904 368 1186 410 simulachra?
1247 367 1441 411 Monent.

314 436 442 491 Quod
462 436 546 478 fuit
565 435 666 478 olim
690 434 872 491 Serpens
893 434 1061 477 IEneus
1086 434 1301 485 Israelitis,

371 503 524 557 Atque
548 500 765 545 Sacerdoti
786 501 901 556 quod
924 500 1195 543 Cherubinus
1215 507 1318 551 erat,

312 568 456 626 (Ante
477 569 583 620 illos,
605 567 878 622 Dominoque
899 567 1090 618 authore,
1112 568 1299 623 precatio
1319 568 1433 610 facta
1452 569 1551 622 est),

374 635 473 678 Hoc
493 642 638 678 sancto
663 633 807 677 Sancti
829 640 1003 690 praestat
1023 633 1162 691 imago
1183 634 1286 677 viro.

314 704 393 746 Pr.
426 702 611 745 Difficile
632 716 722 744 esse
743 707 867 757 putas
888 700 1062 750 homini,
1085 700 1319 756 praesertim
1340 699 1498 749 idiotae,

375 767 559 812 Credere
580 768 624 810 in
645 767 784 824 effigie
804 782 926 823 posse
946 767 1077 808 latere
1099 766 1276 809 Deum?

317 834 529 877 Naturam
549 834 779 876 humanam
799 832 977 874 nimium
998 832 1160 875 nescire
1181 833 1346 875 videris.

376 900 560 944 Credere
579 900 723 954 (crede
742 899 868 947 mihi)
892 899 1102 954 quidlibet
1122 899 1193 941 ille
1213 906 1365 956 potest.
1603 899 1714 938 1390

317 967 431 1010 Nam
455 966 581 1009 simul
600 981 649 1009 ac
669 965 883 1008 hominem
904 965 1092 1021 possedit
1111 980 1213 1007 cura
1233 965 1368 1007 futuri

376 1033 613 1090 Temporis,
634 1032 724 1089 ipse
745 1047 869 1074 suum
889 1031 1188 1087 consuluitque
1209 1039 1394 1074 metum:

320 1099 504 1144 Credere
525 1114 683 1156 pronus
704 1098 786 1140 erit
806 1113 921 1154 spem
944 1097 1284 1153 qualemcunque
1304 1095 1473 1146 ferenti,

378 1166 530 1222 Atque
551 1164 672 1220 sequi
692 1164 849 1206 multos
871 1179 956 1218 qua
975 1163 1091 1206 videt
1112 1163 1188 1205 ira¹
1213 1164 1292 1206 via.

321 1233 564 1278 Credebant
586 1230 750 1274 Gentes
771 1229 962 1272 habitare
983 1229 1028 1270 in
1048 1229 1232 1286 imagine
1254 1244 1428 1272 numen.

379 1299 452 1341 An
473 1298 614 1340 minus
634 1297 804 1339 illorum
825 1302 890 1338 est
910 1295 1054 1339 vivida
1074 1303 1219 1338 nostra
1238 1296 1372 1338 fides?

323 1365 450 1420 Quod
471 1363 726 1407 simulachra
744 1369 933 1412 monent,
956 1361 1071 1404 color
1091 1368 1155 1404 est
1177 1377 1200 1404 e
1220 1362 1380 1419 pyxide
1401 1360 1547 1405 Circes

382 1431 602 1487 Sumptus,
625 1437 669 1472 et
688 1429 801 1472 idolo
821 1428 999 1472 cuilibet
1019 1435 1145 1484 aptus
1165 1428 1258 1471 erit.

322 1497 402 1540 Nil
421 1497 525 1540 facit
546 1495 789 1552 exemplum
813 1493 1045 1551 Serpentis,
1067 1509 1146 1537 nec
1167 1494 1412 1545 Cherubini,

383 1563 503 1618 Quos
523 1562 616 1605 fieri
637 1569 681 1604 et
701 1561 833 1604 statui
847 1562 1034 1618 jusserat
1053 1561 1143 1618 ipse
1164 1561 1297 1604 Deus.
1611 1560 1722 1600 1400

324 1629 509 1687 Respice
529 1628 777 1672 mandatum
799 1627 986 1670 Domini.
1040 1632 1067 1652 ‘⁶
1083 1627 1185 1670 Tibi
1206 1626 1440 1683 sculptile'',
1461 1625 1587 1676 dixit,

383 1701 410 1722 “
431 1695 535 1739 Non
556 1694 725 1738 facies.”
786 1693 980 1750 Populus
1001 1693 1160 1736 fecerat
1179 1693 1252 1736 illa
1271 1693 1379 1736 Deo.

327 1762 546 1807 Cessantis
567 1761 783 1817 quondam
804 1760 961 1816 pluviae
983 1759 1153 1816 signum
1174 1759 1260 1802 fuit
1279 1759 1362 1802 Iris
1379 1775 1390 1809 3

387 1828 535 1873 Sanati
554 1843 719 1871 morsus
740 1842 884 1869 aeneus
904 1827 976 1870 ille
992 1826 1147 1870 Draco.

328 1898 416 1939 Sec.
449 1894 495 1936 Ν
498 1909 545 1937 ec
566 1893 678 1936 colui
699 1893 965 1944 simulachra,
987 1908 1066 1936 nec
1086 1907 1176 1935 esse
1196 1892 1371 1936 colenda
1390 1892 1592 1949 putabam
1610 1905 1621 1939 3

387 1961 600 2004 Attamen
622 1975 796 2002 assensu
815 1960 941 2002 laetus
962 1960 1087 2003 abibo
1107 1966 1195 2002 tuo.

330 2028 594 2083 Persequere
614 2027 856 2083 inceptum:
881 2026 1037 2082 quibus
1056 2026 1229 2082 insuper
1249 2025 1411 2068 artibus
1431 2023 1498 2067 usi

393 2093 504 2138 Sunt
524 2093 777 2143 Piscatores,
798 2093 945 2135 ordine
967 2107 1158 2148 quasque
1173 2091 1297 2135 refer.

331 2162 411 2203 Pr.
444 2160 527 2203 Est
547 2159 662 2202 aliud
682 2175 818 2215 genus
839 2159 940 2202 idoli
962 2159 1161 2202 subtilius
1182 2157 1298 2202 omni

391 2226 588 2277 Materia,
611 2225 728 2281 quali
748 2225 837 2268 vita
857 2241 999 2268 carere
1021 2225 1172 2281 nequit
1189 2242 1198 2266 :
1620 2224 1734 2263 1410>

334 2294 453 2336 Aere
473 2292 718 2349 simplicius,
740 2291 939 2334 subtilius
959 2291 1117 2334 aethere
1138 2305 1269 2347 puro;

395 2358 583 2407 Mobile3
616 2358 689 2401 sed
709 2357 828 2400 nullo
849 2358 965 2413 quod
986 2364 1118 2413 queat
1137 2371 1228 2400 esse
1247 2356 1352 2398 loco.

336 2425 515 2468 Talibus
534 2423 657 2466 idolis
678 2438 764 2466 non
785 2430 850 2466 est
877 2423 1140 2466 macilentior
1159 2423 1334 2465 umbra:

393 2490 595 2546 Namque
615 2495 788 2546 patente
808 2489 931 2532 oculo
951 2488 1142 2532 cernitur
1160 2488 1312 2530 umbra
1332 2486 1466 2544 nigra.

339 2557 419 2600 Illa
439 2556 550 2599 idola
569 2555 702 2598 oculis
722 2570 940 2611 nunquam
962 2561 1197 2598 cernuntur
1216 2553 1387 2610 apertiS,

399 2622 483 2666 Sed
503 2628 671 2665 tantum
692 2621 858 2672 clausis,
880 2621 1128 2664 attonitisve
1150 2627 1280 2663 metu.

341 2689 464 2732 Sicut
483 2688 651 2731 subtilis
672 2687 807 2744 magis
827 2694 892 2730 est
913 2687 1121 2744 sapientia
1141 2702 1217 2743 per
1237 2701 1294 2737 se,

400 2755 541 2809 Quam
562 2755 788 2811 quisquam
810 2754 989 2810 sapiens,
1011 2769 1057 2796 re
1077 2753 1330 2809 bonitasque
1350 2753 1486 2796 bona:

826 2888 836 2908 ¹
865 2888 951 2935 [Sic.
1003 2888 1130 2929 Quoere
1148 2889 1198 2923 ire
1210 2886 1248 2931 Ρ]
