1982 3204
0 2190 4 2193 '
6 2175 7 2178 Α
0 2029 22 2166 ’Ύῑ“<“-;Ἳ““’“
0 1235 23 2022 'WWUvWJ—Wp-wx-
0 1204 6 1220 ‘⁷
0 1178 13 1197 ⁷-'·
0 1147 7 1172 ·”“““

691 267 1137 303 Εσοιεειᾼετιοᾼ.
1510 262 1607 306 365

219 366 288 411 De
309 365 482 412 Christo
500 367 706 424 cultuque
724 366 809 412 Dei
830 383 906 426 per
924 369 1076 412 saecula
1096 368 1238 412 Patris

276 434 467 484 AEterni,
488 434 607 477 libris
626 435 965 491 conveniensque
985 435 1125 478 sacris.

221 498 306 543 Sed
327 500 430 555 quid
450 500 645 543 fecerunt
658 502 678 543 Ρ
736 500 926 544 Pastoris
941 500 1117 543 crimina
1137 507 1281 557 pastor

276 566 477 617 Accusat,
499 565 673 609 Patrem
693 566 1003 623 dedecoratque
1024 565 1167 610 Pater.
1475 573 1480 576 ’
1519 571 1607 611 580

218 631 374 677 Defert
392 634 446 677 ad
465 649 608 691 regem
628 650 705 677 sua
723 635 904 691 quisque
925 635 1128 692 inscripta
1147 635 1301 679 libellis
1463 655 1532 670 Q

274 698 454 757 Jurgia:
486 700 689 743 doctrinae
709 716 812 744 cura
832 716 910 745 nec
930 702 1018 745 ulla
1037 701 1135 745 fuit.

219 764 317 809 Hac
336 765 419 809 iter
436 781 526 809 esse
545 775 670 823 putas
689 767 742 810 ad
762 768 939 824 pacem?
997 767 1189 811 Ecclesia
1207 767 1416 824 numquid

276 831 472 875 Moribus
492 832 557 875 his
579 848 733 889 sponsa
751 840 817 876 est
836 833 1104 876 immaculata
1120 833 1238 876 Dei?

219 897 336 953 Quid
359 897 667 942 Constantinus
687 898 791 942 fecit
808 899 828 940 ?
887 898 1014 956 Capit
1036 899 1107 943 ille
1127 899 1306 951 libellos,

274 964 428 1021 Atque
448 964 566 1022 legit,
586 964 718 1007 lectos
737 964 926 1007 condidit
946 965 1076 1021 inque
1096 965 1248 1008 sinum.

220 1028 473 1075 Sanctorum
492 1029 694 1072 invidiam
710 1030 902 1081 miratur,
924 1037 970 1073 et
988 1031 1277 1082 ambitionem,

277 1095 443 1147 Sordes,
465 1096 700 1147 mollitiem,
722 1104 767 1139 et
786 1096 899 1140 sacta
919 1097 1117 1153 pudenda
1135 1098 1300 1141 virum:

216 1161 384 1206 Deinde
402 1162 544 1220 gravis
564 1162 714 1219 culpae,
736 1163 811 1205 sed
830 1162 995 1214 leniter,
1015 1164 1215 1207 admonet
1234 1164 1339 1213 illos,

275 1227 337 1272 Et
354 1228 480 1272 docet
498 1236 549 1272 ut
567 1229 709 1272 ridens
728 1229 940 1272 Ethnicus
960 1229 1032 1272 illa
1051 1230 1179 1273 videt.
1522 1233 1608 1273 590

219 1299 248 1320 “
263 1294 390 1339 Certe
410 1310 490 1353 ego
509 1296 544 1338 si
565 1303 706 1339 vestro
726 1296 923 1338 vidissem
944 1310 998 1340 ex
1017 1296 1166 1340 ordine
1187 1311 1429 1352 quenquam

274 1366 302 1386 “
318 1361 442 1404 Talia
456 1368 700 1419 peccantem
721 1361 862 1417 qualia
882 1361 1043 1412 sertis,'’
1062 1362 1136 1413 ait,

217 1433 246 1453 “
259 1427 362 1472 Non
382 1428 508 1472 modo
527 1443 615 1472 rem
636 1436 805 1485 turpem
826 1429 1064 1479 tacuissem,
1085 1435 1203 1472 veste
1223 1429 1298 1472 sed
1316 1429 1398 1472 ista

275 1500 303 1520 “
317 1494 554 1538 Texissem.
614 1493 777 1539 Christi
798 1495 858 1538 sic
877 1502 984 1551 puto
1003 1494 1142 1551 poscit
1160 1495 1305 1539 honor.

217 1566 246 1586 “
262 1561 354 1604 Vos
374 1576 522 1619 precor
540 1576 644 1618 ergo
664 1560 830 1612 Patres,
852 1577 965 1604 nunc
986 1561 1061 1604 uni
1082 1561 1315 1605 incumbite
1334 1561 1451 1619 paci:

274 1633 302 1653 “
317 1627 516 1684 Cumque
535 1643 646 1670 unus
662 1627 794 1670 simus
813 1642 934 1684 grex,
956 1627 1013 1670 sit
1031 1634 1077 1670 et
1095 1643 1181 1670 una
1200 1627 1319 1671 fides.

217 1699 246 1721 “
262 1693 486 1739 Consulite
502 1709 604 1751 ergo
624 1694 758 1751 gregi.
819 1693 944 1737 Fidei
965 1694 1205 1751 componite
1225 1694 1430 1738 sormam:

274 1765 303 1786 “
318 1761 471 1816 Atque
491 1760 606 1802 illam
627 1760 853 1803 faciam'ne
873 1760 930 1803 sit
949 1760 1086 1803 inanis
1106 1761 1226 1818 ego.”

215 1825 356 1869 Dixit.
416 1826 476 1869 Et
496 1826 616 1869 illato
635 1841 775 1868 coram
795 1826 992 1869 omnibus
1011 1825 1110 1882 igne
1129 1825 1295 1869 libellos

273 1892 476 1936 Comburi
497 1892 676 1935 Pati-um
691 1892 821 1948 jussit
840 1891 966 1934 edaee
986 1891 1143 1948 nigros.
1518 1894 1604 1934 600

216 1960 303 2002 Soc.
335 1958 452 2009 Heu,
468 1965 677 2014 quantum
698 1958 861 2015 experti
882 1965 1055 2014 praestat
1074 1957 1280 2014 sapientia
1298 1957 1412 2015 regis

271 2024 510 2068 Doctorum
531 2025 662 2075 libris,
682 2025 939 2083 ingenioque
961 2024 1136 2067 Scholae.

217 2089 336 2146 Quid
355 2091 493 2135 fecere
514 2090 665 2134 Patres
684 2098 910 2148 postquam
930 2097 1072 2134 essent
1086 2090 1185 2148 igne
1203 2090 1340 2134 libelli

274 2155 515 2208 combusti,
535 2172 615 2200 nec
634 2164 727 2200 erat
746 2158 837 2214 jam
856 2156 974 2200 locus
994 2156 1200 2199 invidiae?

215 2223 299 2267 Pr.
329 2223 500 2267 Nescio.
560 2223 607 2266 N
608 2239 664 2266 on
683 2230 835 2266 extant
856 2222 1019 2280 Synodi
1038 2223 1219 2266 decreta.
1281 2221 1409 2278 Quod
1428 2229 1552 2266 extat

274 2288 508 2348 Indignum
527 2289 674 2332 multis
694 2289 884 2333 creditur
902 2304 992 2332 esse
1011 2288 1108 2332 fide.

218 2353 435 2409 Quorsum
454 2355 692 2413 philosophi
711 2362 877 2412 spectat
895 2354 1099 2398 comoedia
1117 2354 1221 2398 victi
1234 2355 1255 2397 Ρ

277 2419 369 2465 Cur
386 2421 519 2465 hostis
537 2422 639 2466 ficto
658 2422 833 2465 vulnere
853 2421 1079 2465 succubuit
1091 2421 1112 2463 Ρ

218 2485 434 2544 Dogmata
452 2488 526 2531 sed
544 2495 712 2532 constat
732 2487 952 2545 Synodum
973 2487 1194 2530 damnasse
1217 2486 1402 2536 Ariana;

278 2551 395 2595 Nam
414 2553 552 2596 visum
571 2562 638 2597 est
654 2553 809 2597 Jesum
825 2553 1029 2596 Patribus
1048 2567 1139 2596 esse
1155 2552 1324 2596 Deum:
1519 2555 1603 2594 610

218 2617 448 2662 Doctrinae
465 2618 593 2662 etiam
612 2626 711 2663 ante
733 2619 892 2663 Arium
911 2619 1130 2662 damnasse
1150 2619 1240 2662 sere
1258 2634 1417 2670 omnes,

276 2683 494 2727 Adversas
512 2684 612 2728 fidei
630 2700 759 2742 quam
781 2685 910 2730 Sacra
932 2684 1101 2742 Scripta
1119 2685 1285 2728 docent.

221 2749 308 2795 Sed
326 2749 428 2793 dum
447 2751 577 2794 verba
594 2750 680 2794 Dei
693 2758 864 2795 tentant
881 2766 1092 2808 exponere
1113 2750 1274 2794 frustra

276 2815 435 2860 Verbis
450 2814 712 2868 Goecorum,
732 2816 1066 2874 pbilosophoque
1084 2816 1223 2868 modo,
