1982 3204
394 218 490 262 328
725 229 810 264 DE
847 230 1220 268 MmABimnus
1258 233 1436 269 PEcm.

393 338 511 381 Hinc
531 338 690 382 celsum
709 340 996 397 acclivemque
1015 342 1151 399 gradu
1170 342 1288 387 lento
1308 350 1353 387 et
1372 345 1479 401 pede
1498 346 1608 390 lasso

394 403 570 448 scandit
589 421 738 462 equus,
759 423 1057 463 summumque
1070 409 1224 466 jugum
1245 425 1344 453 mox
1364 412 1498 456 calcat
1516 413 1705 458 anhelus.

393 470 599 515 Conversi
618 473 820 516 miramur
839 490 936 518 aves
949 475 1039 531 jam
1060 490 1207 531 repere
1229 491 1390 533 segnes,

391 541 544 597 Atque
564 542 744 586 humiles
764 543 876 587 claro
896 544 1089 601 transfigi
1110 545 1268 589 vertice
1287 549 1422 590 nubes
1440 566 1452 598 ;

391 606 664 651 Chatsworth
678 610 767 665 jam
787 617 1007 666 punctum,
1030 610 1200 654 Derocn
1215 613 1305 668 jam
1325 613 1437 656 linea
1457 629 1588 659 curva
1606 623 1687 661 est.

394 673 484 717 Vix
505 674 586 717 iter
605 674 822 732 inceptum
843 677 1071 731 sequimur,
1094 693 1191 720 cum
1211 678 1322 721 levia
1341 681 1497 724 montis

391 740 640 796 Aspicimus
661 743 807 785 crebro
827 743 1001 785 lacerari
1021 744 1196 787 vulnere
1217 751 1351 802 terga,

392 805 590 862 Lateque
611 815 756 864 egesta
775 807 948 850 liratim¹
972 809 1182 853 albescere
1207 818 1331 853 terra.

391 872 475 915 Est
495 873 675 916 sublime
695 874 844 926 solum,
866 875 1073 931 tenuique
1094 877 1259 920 friabile
1278 878 1434 934 gleba;

277 942 358 982 100
394 938 521 993 Quod
541 954 594 982 ne
615 940 783 995 quando
803 956 880 983 sua
897 943 1030 998 possit
1049 943 1264 986 subsidere
1284 945 1407 995 mole,

391 1005 562 1048 Natura
581 1007 772 1063 ingenito
793 1007 982 1051 suffulcit
1001 1009 1176 1065 provida
1196 1025 1309 1053 saxo.

391 1072 460 1115 At
480 1089 628 1115 saxum
647 1074 881 1117 innumeris
901 1075 1046 1118 divisit
1065 1075 1110 1117 in
1130 1076 1276 1119 ordine
1306 1077 1423 1120 rimis

390 1139 508 1182 Ater
526 1155 655 1196 opum
675 1140 896 1191 dominus3
928 1148 1187 1198 cunctasque
1207 1142 1268 1185 ita
1287 1143 1385 1186 solis
1405 1145 1460 1187 ab
1479 1151 1578 1188 ortu

389 1205 531 1248 Duxit
550 1206 596 1248 in
616 1221 822 1259 occasum,
843 1222 928 1250 non
948 1214 998 1250 ut
1017 1208 1194 1251 sensisse
1215 1209 1423 1252 calentem

390 1271 610 1328 Lampada
629 1272 886 1325 Phoebaeam,
907 1274 981 1316 sed
1000 1280 1044 1317 et
1064 1275 1275 1331 aspexisse
1295 1283 1479 1331 putares.

391 1337 597 1383 Condidit
615 1338 680 1382 his
700 1339 827 1382 sulcis
846 1339 1030 1383 melioris
1050 1340 1181 1383 cruda
1200 1341 1362 1384 metalli

393 1404 576 1455 Semina,
599 1405 724 1448 solari
743 1411 840 1462 post
859 1405 1114 1462 perficienda
1133 1406 1284 1457 calore,

391 1470 593 1514 Tutanda
611 1471 774 1514 interea
794 1472 911 1514 durae
930 1472 1164 1515 munimine
1184 1473 1317 1529 rupis,

390 1537 507 1580 Ditis
527 1553 652 1580 avara
671 1554 822 1581 manus
841 1538 1011 1582 frustra.
1072 1538 1187 1581 Nam
1208 1554 1286 1582 nec
1306 1539 1408 1582 satis
1427 1539 1527 1596 igne

277 1607 358 1646 110
394 1602 636 1660 Concoquit
656 1605 830 1660 obliquo
850 1605 912 1648 sol
932 1605 1095 1662 plumbi
1115 1613 1252 1648 terrea
1272 1605 1422 1657 frusta,

391 1670 438 1712 N
441 1686 488 1714 ec
508 1671 694 1714 custodit
713 1671 868 1714 humus
888 1672 967 1715 sibi
988 1672 1158 1715 credita.
1220 1672 1400 1715 Viscera
1420 1679 1542 1716 terrae

391 1737 565 1793 (Certus
586 1753 727 1794 opum,
750 1753 1005 1795 quacunque
1025 1739 1162 1781 latent
1180 1738 1353 1795 regione
1372 1746 1567 1795 repostas,

391 1804 640 1861 Insidiator)
659 1805 785 1847 homo
804 1805 916 1848 ferro
936 1805 1130 1862 pervadit
1149 1813 1193 1848 et
1212 1805 1340 1862 igne23

395 1870 533 1914 Saxea
551 1870 814 1926 plumbiferae
834 1871 1035 1914 rescindit
1053 1871 1244 1928 tegmina
1263 1886 1383 1914 venae

391 1936 705 1992 Exhauritque,
727 1938 865 1980 audax
878 1939 981 1994 jam,
997 1945 1248 1995 paupertate
1262 1939 1456 1994 jubente,

392 2003 588 2046 Tartarei
608 2004 750 2060 praedo
771 2004 919 2047 fiscum
941 2005 1119 2061 spoliare
1139 2005 1324 2062 tyranni.

393 2069 525 2113 Haud
545 2071 718 2127 impune
738 2071 988 2127 aliquando:
1012 2071 1135 2114 duos³
1154 2071 1319 2114 telluris
1339 2070 1384 2112 in
1405 2069 1489 2111 imo

392 2137 635 2193 Deprensos
654 2137 829 2194 gremio,
851 2137 972 2180 Mors
992 2144 1182 2194 occupat,
1204 2143 1334 2192 atque
1354 2134 1564 2192 profundo

394 2203 628 2260 Oppi-cssos
648 2203 758 2260 tegit
777 2203 857 2259 ipsi
878 2203 992 2259 quod
1012 2203 1155 2246 fodere
1176 2203 1381 2259 sepulcro.

277 2274 358 2313 120
396 2269 691 2326 Spiramenta⁴‚
708 2269 824 2312 tubis
843 2285 953 2326 aegre
974 2269 1242 2311 admittentia
1261 2266 1437 2323 iniquis⁵

394 2335 514 2390 Quos
534 2335 739 2394 castigato
759 2335 949 2378 detrudit
967 2334 1107 2378 inedia
1126 2341 1288 2384 ventre,

438 2533 448 2555 ¹
469 2533 680 2570 Ordinatim:
702 2544 781 2566 nam
808 2532 909 2566 series
928 2532 1060 2566 sodiua-
1153 2535 1165 2553 ³
1182 2532 1351 2577 Contigit,
1369 2531 1655 2577 praetereuntibus
1671 2530 1782 2573 nobis,

392 2600 468 2624 rum
488 2588 580 2624 unde
596 2587 755 2623 hauritur
770 2588 967 2634 plumbum,
983 2598 1060 2633 par·
1106 2600 1124 2621 e
1142 2587 1280 2622 duobus
1296 2588 1356 2633 qui
1382 2588 1483 2621 ruina
1508 2586 1613 2621 soveae
1630 2587 1780 2633 oppressi

390 2644 502 2679 ullelae
515 2649 611 2678 sunt:
637 2643 784 2689 Anglice
801 2649 967 2677 vocantur
988 2643 1058 2677 The
1105 2643 1256 2684 fuerant,
1293 2654 1405 2677 unum
1446 2642 1593 2686 extrahi,
1630 2642 1779 2678 alterum

390 2700 517 2735 Rakes.
1103 2699 1225 2745 quaeri.

437 2755 451 2777 ⁹
469 2755 559 2790 Nam
585 2766 708 2790 saxum
727 2767 796 2801 quo
813 2755 948 2801 plumbi
966 2766 1060 2790 vcnoe
1154 2755 1165 2772 ⁴
1184 2754 1377 2790 Fovearum
1394 2755 1582 2802 spiracula.

390 2813 622 2853 continentur,
648 2823 688 2845 ea
704 2816 755 2846 est
779 2810 970 2856 aliquando
994 2810 1059 2845 du·
1153 2810 1165 2827 ⁵
1182 2811 1291 2845 Actis.

390 2869 465 2902 ritie
483 2879 560 2913 quan
578 2877 647 2901 non
664 2866 730 2902 nisi
754 2866 834 2911 igne
853 2865 1011 2900 vincitur.
