1982 3204
516 310 587 344 DE
626 309 999 344 MIRABILIBUS
1040 311 1214 345 PECCI.
1465 306 1560 348 335

173 419 264 464 Tot
282 425 439 463 mortes
454 436 464 470 ;
496 427 541 463 et
560 420 632 463 fila
650 420 775 464 timet
793 420 1022 477 pendentia
1041 420 1155 471 vitae,

55 484 142 526 330
173 485 247 530 Ne
266 486 363 543 quis
381 485 563 529 lascivus
583 493 697 530 secet
715 487 964 543 injussuque
985 501 1186 530 sororum.

172 551 410 608 Postquam
429 552 495 595 bis
514 561 687 596 centum
707 554 786 597 sub
802 560 958 596 terram
977 552 1145 596 circiter
1165 553 1286 596 ulnas

173 617 344 662 Mersus
364 618 624 669 substiterat,
646 619 878 675 funemque
893 618 1134 662 tetenderat
1153 635 1333 670 omnem,
1451 637 1521 673 2oe

176 683 339 741 Satque
358 683 432 727 diu
451 691 573 728 tenso
593 685 645 728 de
666 685 769 728 fune
789 684 1060 743 pependerat,
1081 691 1205 729 ant-ro

172 749 442 801 Extrahitur,
458 750 611 808 cupido
631 750 748 794 heroi
767 766 967 808 responsa
986 751 1175 794 daturus.

173 816 342 861 Verum
362 816 450 860 sive
469 824 608 860 metus
628 824 814 861 mentem
833 824 1153 874 expugnaverat
1179 817 1351 875 ingens;

176 882 277 928 Sive
296 882 408 926 celer
427 891 568 926 motus
587 883 691 926 torti
710 883 923 941 vertigine
942 883 1059 926 funis

174 948 407 993 Immodica
426 949 531 992 solio
550 949 756 992 rationem
777 956 1021 993 excusserat
1048 950 1161 1000 alt03

175 1013 278 1060 Sive
296 1014 428 1059 Erebi
447 1015 536 1058 sive
555 1015 647 1072 ipsa
666 1016 732 1059 sui
748 1016 838 1072 jam
858 1022 1025 1073 spectra
1043 1016 1207 1060 timoris

173 1080 342 1125 Pallida
358 1088 625 1132 terruerant3
656 1082 745 1126 sive
764 1097 904 1126 arcem
923 1083 1079 1126 mentis
1100 1084 1261 1127 abactae

55 1148 143 1189 340
175 1147 363 1206 Spiritus
381 1147 538 1191 inferni
557 1148 790 1206 possiderat
808 1148 1026 1206 improbus
1047 1148 1149 1193 Orci
1165 1166 1176 1200 3

53 2476 141 2518 360

173 1212 307 1257 Haud
325 1213 454 1257 dubie
473 1214 580 1258 furit
599 1214 762 1258 infelix.
827 1214 898 1259 Sic
916 1215 1080 1259 lumina
1098 1222 1222 1259 torva

171 1278 458 1336 Mutatusque
477 1280 604 1331 color,
624 1281 772 1338 pallor,
793 1288 965 1332 tremor,
986 1281 1128 1325 omnia
1146 1288 1396 1326 monstrant.

170 1345 290 1404 Ergo
309 1346 385 1390 ubi
404 1362 490 1390 non
509 1347 709 1403 cuiquam
729 1348 946 1391 intellecta
965 1348 1226 1405 profuderat,
1248 1356 1293 1393 et
1313 1365 1410 1406 quae

169 1411 397 1468 AEquabat
415 1413 579 1471 magnis
599 1413 823 1457 sententia¹
846 1413 964 1456 nulla
989 1413 1220 1471 prophetis,

173 1477 408 1530 Conticuit,
430 1478 667 1536 Manesque
687 1480 777 1523 dies
796 1487 893 1537 post
913 1487 1010 1523 octo
1028 1480 1206 1523 revisit².

172 1546 239 1588 At
258 1544 426 1597 Comes,
447 1546 593 1590 audito
613 1562 700 1602 quo
719 1546 924 1603 pertinet⁸
944 1561 1081 1602 usque
1101 1562 1293 1598 caverna,

172 1610 369 1663 Horruit,
389 1619 434 1655 et
452 1612 558 1670 (non
576 1612 669 1664 hac,
690 1628 831 1669 neque
850 1628 965 1656 nunc
985 1613 1224 1671 subiturus)
1243 1613 1392 1657 abivit.

171 1677 291 1722 Hinc
309 1685 482 1723 centum
501 1695 648 1736 passus
668 1679 806 1723 decies
827 1695 1110 1731 numeramus,
1132 1687 1176 1723 et
1195 1695 1291 1724 ecce

170 1742 227 1787 In
246 1745 356 1789 valle
375 1745 543 1789 occulta
560 1746 773 1789 radicibus
793 1745 916 1789 exilit
935 1745 1031 1788 imis

171 1810 392 1856 Graminei
411 1811 530 1855 collis
548 1811 719 1868 gemino
739 1811 850 1855 fons⁴
871 1826 943 1854 ore
965 1811 1175 1868 perennis.

172 1875 315 1932 Quem
335 1878 537 1934 quoniam
556 1878 752 1921 immensi
770 1878 983 1921 mirandos
1002 1877 1187 1934 aequoris
1206 1884 1336 1922 aestus

169 1941 343 1986 Ludere
362 1943 407 1986 in
427 1943 583 2000 exigua
601 1943 716 1986 fama
734 1943 1018 1986 affirmaverat
1036 1943 1164 1994 unda,

170 2007 329 2052 Visum
348 2015 415 2053 est
432 2008 728 2066 (quantumvis
749 2008 912 2052 Phoebo
931 2010 1208 2067 properante)
1226 2010 1380 2053 morari

170 2074 407 2132 Paulisper,
427 2075 463 2118 si
482 2075 594 2118 forte
613 2075 784 2131 aquulae
804 2075 1007 2119 miracula
1025 2075 1153 2119 detur

172 2141 381 2199 Aspicere
401 2141 595 2192 admotis,
615 2148 661 2185 et
679 2141 802 2184 famae
821 2141 1003 2185 testibus
1022 2157 1124 2185 esse.

172 2208 284 2264 Quae
302 2209 451 2253 vitreis
469 2210 621 2253 ebullit
639 2210 764 2266 aquis
791 2210 973 2254 tremula
991 2211 1119 2262 unda,
1140 2211 1319 2254 duarum

171 2273 327 2332 Major,
347 2275 704 2332 splendidiorque,
725 2283 771 2320 et
790 2291 967 2333 poscens
986 2276 1074 2320 sola
1093 2276 1240 2327 videri,

170 2339 402 2398 Excipitur
419 2348 564 2398 puteo,
584 2342 759 2386 structis
779 2358 864 2386 non
884 2342 1198 2400 aequiparando,

175 2404 262 2451 Sed
280 2406 357 2463 qui
375 2406 555 2451 fortuito
576 2409 730 2465 quovis
749 2409 939 2453 ornatior
956 2416 1056 2453 ortu
1075 2416 1151 2453 est.

173 2470 283 2517 Inde
298 2473 440 2516 ‘soluta
458 2473 568 2526 fluit,
587 2474 670 2518 nisi
690 2489 788 2531 quae
807 2475 942 2519 fundo
961 2475 1185 2526 retinetur,

173 2537 288 2582 Lata
305 2538 411 2583 duos
430 2539 610 2592 cubitos,
631 2547 719 2584 tres
739 2541 878 2599 longa,
900 2556 1120 2597 unumque
1140 2540 1361 2598 profunda.

173 2603 326 2648 Unum
344 2604 454 2656 dico,
470 2620 547 2648 suo
567 2606 738 2662 quando
757 2613 959 2650 contenta
977 2607 1143 2663 liquore

175 2669 395 2722 Snbsidet3
425 2678 471 2715 at
487 2671 624 2724 binos,
645 2673 816 2729 quando
834 2673 1001 2731 hospite
1020 2674 1187 2717 tollitur
1204 2673 1332 2716 unda.

218 2810 231 2832 ¹
249 2810 346 2852 Quia
359 2822 402 2847 ea
412 2811 507 2858 loqui
524 2824 675 2859 quorum
688 2813 787 2849 nulla
797 2820 849 2849 est
942 2805 956 2827 ²
972 2813 1139 2848 Mortuus
1153 2819 1206 2848 αἱ
1219 2824 1241 2847 a
1251 2812 1421 2859 phrenesi.

172 2867 356 2908 autentis,
371 2877 558 2903 commune
581 2873 633 2903 est
649 2873 770 2904 vatum
794 2869 847 2904 in·
940 2868 954 2887 '
970 2868 1155 2914 Pertingit,
1174 2868 1307 2903 scilicet
1322 2867 1368 2902 ad
1385 2866 1523 2901 inferos.

173 2921 464 2968 manuumque.
941 2927 952 2945 ⁴
971 2922 1064 2958 Fons
1080 2928 1226 2959 aetuans.
1268 2921 1396 2957 Mirab.
1423 2932 1454 2955 v.
