1982 3204
389 258 486 301 310
942 271 1226 304 PRAEFA‘rio

453 378 701 436 Similiter,
734 387 895 428 motus
933 398 1075 445 quem
1115 381 1212 429 duo
1251 397 1461 445 corpora
1502 382 1671 429 collisa
1701 381 1779 429 vel

387 466 531 520 rupta
548 458 850 521 faciunt,per
868 475 1031 507 aerem
1050 469 1351 523 propagatur
1369 460 1431 508 ad
1447 477 1631 519 aurem,
1643 461 1780 509 hinc-

385 549 478 595 que
503 549 591 596 per
627 550 803 582 nervos
839 535 902 583 ad
938 537 1209 593 cerebrum,
1235 544 1285 584 et
1309 536 1370 584 ad
1396 553 1512 584 eor:
1550 544 1598 585 et
1624 537 1694 584 ita
1717 536 1778 585 de

383 608 582 672 reliquis
616 611 820 673 objectis
853 612 1059 659 aliorum
1095 628 1342 668 sensuum,
1373 628 1579 675 quorum
1615 621 1777 661 motus

383 684 468 732 ubi
503 702 590 734 eor
619 687 892 750 attigerint,
918 688 956 735 si
983 697 1169 735 motum
1204 688 1331 736 illius
1357 688 1553 736 vitalem
1583 689 1775 751 juvant,

382 761 607 824 voluptas
626 763 860 821 nascitur,
881 763 920 810 si
940 763 983 809 ei
1008 771 1234 822 noceant,
1261 763 1414 812 dolor.
1463 764 1586 811 Cum
1610 772 1777 812 autem

382 836 432 883 id
458 838 592 900 quod
615 838 801 901 patitur
825 847 1011 902 reagat,
1038 847 1087 886 et
1111 839 1321 898 resistat,
1347 847 1511 887 motus
1536 839 1696 888 cordis
1719 840 1777 888 fit

381 928 549 961 versus
560 914 829 971 cerebrum,
847 914 1058 978 indeque
1070 915 1119 962 in
1132 931 1307 963 nervos
1318 931 1470 979 usque
1483 915 1544 963 ad
1557 916 1775 979 corporis

382 989 691 1052 superficiem
706 999 976 1048 externam,
993 990 1122 1037 unde
1138 991 1431 1053 phantasma
1449 991 1621 1049 oritur,
1642 991 1776 1055 quod

381 1072 455 1111 est
490 1073 654 1112 motus
688 1065 740 1113 in
775 1066 994 1124 cerebro,
1019 1065 1135 1113 lieet
1169 1066 1324 1114 instar
1352 1067 1423 1114 rei
1448 1075 1665 1115 externae
1688 1084 1773 1131 ap-

379 1147 565 1201 pareat,
585 1157 731 1203 quam
755 1149 1077 1204 repraesentat
1100 1141 1183 1188 ubi
1208 1158 1306 1190 non
1329 1151 1425 1190 est:
1450 1150 1507 1190 ut
1531 1143 1775 1207 contingit

379 1230 491 1262 eum
515 1215 668 1264 stellae
692 1216 742 1263 in
767 1232 892 1279 aqua
906 1216 984 1263 vel
1012 1217 1209 1279 speculo
1233 1217 1478 1276 videntur,
1499 1226 1547 1265 et
1571 1234 1664 1266 vox
1689 1219 1773 1266 ubi

380 1290 516 1338 echo.

444 1366 516 1412 Ex
541 1366 616 1413 his
635 1373 798 1414 autem
821 1366 1246 1430 phantasmatibus
1266 1383 1351 1415 seu
1375 1368 1588 1416 motibus
1612 1369 1772 1432 ipsum

378 1442 632 1489 sentientis
668 1458 846 1505 corpus
882 1451 1120 1503 movetur,
1148 1450 1295 1506 atque
1320 1443 1442 1491 adeo
1478 1452 1638 1492 motus
1666 1445 1772 1492 ani-

375 1516 515 1565 malis
541 1517 710 1566 oritur.
783 1518 950 1566 Motus
976 1525 1140 1566 autem
1166 1519 1235 1566 illi
1260 1535 1359 1567 non
1385 1519 1631 1578 desinunt,
1655 1520 1774 1570 licet

375 1594 568 1657 objecta
602 1610 702 1642 non
738 1604 888 1657 agant
923 1594 1152 1657 amplius:
1191 1594 1588 1658 quandoquidem
1615 1604 1673 1644 ut
1706 1597 1772 1645 ad

374 1677 562 1717 motum
585 1670 966 1733 imprimendum
985 1687 1134 1734 agens
1160 1671 1490 1719 necessarium
1513 1680 1601 1730 est,
1624 1672 1696 1720 ita
1720 1681 1771 1720 et

374 1745 436 1793 ad
462 1754 650 1794 motum
674 1746 1009 1794 auferendum.
1069 1747 1242 1810 Neque
1262 1755 1423 1795 motus
1445 1747 1696 1810 spiritibus
1720 1755 1770 1796 et

374 1822 600 1884 sanguini
625 1822 888 1885 impressos
913 1822 1180 1886 quidquam
1210 1823 1454 1886 extinguit
1487 1822 1581 1870 nisi
1605 1831 1769 1871 motus

374 1898 661 1956 contrarius,
683 1898 837 1962 qualis
862 1899 1028 1946 forsan
1053 1915 1081 1946 a
1099 1899 1341 1962 gravitate
1360 1899 1611 1956 oriundus,
1636 1907 1693 1948 ut
1716 1899 1768 1947 in

374 1989 502 2036 aqua
527 1974 770 2037 contingit
794 1990 941 2037 quam
967 1975 1159 2038 lapillus
1183 1975 1234 2022 in
1259 1975 1429 2022 orbem
1454 1975 1733 2024 commovit.

441 2049 564 2097 Cum
601 2059 767 2098 autem
803 2051 1024 2114 pluribus
1061 2051 1275 2098 motibus
1310 2051 1566 2098 cerebrum
1598 2059 1647 2099 et
1681 2067 1768 2099 cor

372 2125 636 2188 agitentur,
657 2134 817 2175 motus
836 2127 918 2190 qui
943 2127 1225 2175 dominatur
1247 2143 1460 2190 praesens
1480 2127 1768 2190 phantasma

373 2200 470 2248 diei
493 2209 686 2264 potest:
725 2202 871 2265 quod,
898 2202 1015 2250 dum
1039 2203 1287 2265 objectum
1311 2202 1429 2265 agit,
1450 2202 1652 2250 diversis
1676 2218 1767 2250 no-

367 2276 584 2324 minibus
604 2278 747 2340 juxta
771 2277 1107 2325 diversitatem
1135 2294 1429 2341 organorum
1458 2277 1763 2340 exprimitur.

374 2352 426 2400 Si
462 2352 591 2400 enim
626 2361 790 2400 motus
825 2354 880 2401 fit
913 2369 1001 2416 per
1025 2353 1236 2411 oculum,
1272 2353 1452 2400 dicitur
1486 2352 1650 2400 lumen
1686 2354 1765 2402 vel

371 2428 527 2476 color:
553 2428 594 2476 si
617 2445 706 2492 per
729 2445 912 2487 aurem,
937 2445 1083 2477 sonus
1113 2437 1231 2477 etc.:
1268 2429 1308 2476 si
1331 2444 1418 2491 per
1442 2429 1660 2492 eorporis
1684 2445 1765 2477 su-

370 2504 635 2568 perficiem,
668 2504 894 2563 calidum,
918 2504 1167 2567 frigidum,
1192 2504 1328 2562 laeve,
1350 2520 1575 2567 asperum
1600 2512 1696 2552 ete.

439 2580 509 2628 Ut
533 2587 696 2628 autem
719 2580 824 2643 ipsa
855 2580 1015 2643 passio
1042 2579 1221 2627 dicitur
1245 2579 1420 2637 sensio,
1445 2579 1573 2627 idem
1599 2589 1763 2630 motus

372 2671 590 2714 manens,
636 2655 836 2703 absente
885 2653 1094 2717 objecto,
1143 2654 1240 2702 dici
1286 2655 1411 2702 solet
1457 2655 1761 2719 imaginatio,

371 2739 566 2795 sumpto
590 2731 786 2779 nomine
806 2731 866 2778 ab
886 2730 1203 2794 imaginibus:
1230 2730 1345 2778 lieet
1369 2729 1500 2778 idem
1520 2746 1632 2778 cum
1651 2747 1762 2780 sen-

370 2808 505 2856 sione
539 2807 704 2865 fuerit,
729 2823 759 2854 a
781 2822 877 2870 qua
911 2806 1068 2854 solum
1093 2805 1289 2854 differre
1313 2805 1522 2865 videtur,
1548 2806 1679 2870 quod
1702 2822 1762 2855 ea

368 2883 678 2948 praesentiam
698 2882 877 2947 objecti
901 2882 1132 2947 requirat.
1182 2882 1402 2945 Cumque
1422 2890 1584 2931 motus
1602 2882 1760 2931 omnis
