1982 3204
380 284 440 334 74
598 293 892 329 DOCTRlNAE
920 287 1284 325 WALLISIANAE
1312 286 1383 320 DE
1409 286 1566 320 Mo'rU

130 424 241 449 rnop.
264 424 319 449 XI.
380 405 617 464 Cartesio,
638 414 689 453 et
708 403 958 454 Gassendo
984 407 1232 463 sumptum
1257 414 1361 446 esse
1379 406 1434 445 ut
1456 397 1774 461 postulatum,

377 498 469 530 nec
494 481 770 528 meminisse
787 496 837 527 se
851 479 1030 525 vidisse
1051 493 1080 523 a
1098 490 1342 538 quoquam
1361 473 1774 521 demonstratum:

380 573 589 621 quorum
615 564 876 618 utrumque
909 553 1095 600 sciebat
1129 566 1234 598 esse
1271 549 1464 596 falsum.
1536 548 1666 596 Nam
1690 548 1775 596 de-

379 632 786 684 monstrationem
832 645 990 676 meam
1035 627 1238 688 legerat,
1274 634 1330 672 ut
1371 624 1679 679 confutaret;
1715 623 1777 670 ab

379 708 473 757 illis
519 715 684 758 autem
729 705 1030 769 postulatum
1075 702 1226 750 fuisse
1272 716 1524 764 nunquam
1569 699 1775 762 legerat,

381 783 478 830 Sed
503 784 622 831 meis
654 783 727 830 uti
760 781 934 843 quibus
970 777 1352 835 contradixerat,
1377 784 1520 838 turpe
1550 775 1639 823 sibi
1670 790 1775 833 esse

381 859 535 908 scivit.

847 969 1178 1004 PROPOSITIO
1200 969 1302 1002 XII.

459 1059 503 1105 V
501 1059 544 1106 is
584 1059 631 1105 vi
668 1057 936 1112 contraria,
979 1055 1024 1103 si
1065 1054 1359 1120 aequipollet,
1400 1054 1699 1103 sustinebit:
1733 1055 1782 1114 ei

383 1136 539 1182 minus
555 1133 732 1198 pollet,
766 1149 824 1179 ne
848 1132 938 1179 hoe
974 1123 1203 1195 quidem:
1239 1131 1286 1178 si
1313 1130 1605 1195 proepollet,
1630 1147 1782 1205 neque

384 1210 528 1258 aliud
566 1208 702 1256 adsit
742 1207 1151 1272 impedimentum,
1178 1205 1397 1255 movebit.
1467 1207 1541 1254 Et
1573 1212 1782 1257 eontra:

384 1286 429 1332 si
452 1291 619 1341 movet,
649 1281 922 1348 praepollet
938 1301 955 1329 .·
991 1282 1038 1329 si
1061 1299 1152 1329 non
1190 1288 1360 1339 movet,
1386 1288 1483 1330 tum
1512 1282 1591 1339 vel
1622 1282 1781 1339 minus

375 1361 551 1425 pollet,
576 1359 655 1407 vel
666 1359 842 1406 saltem
859 1358 1156 1423 (equipollet,
1177 1357 1254 1406 vel
1265 1357 1410 1406 aliud
1419 1358 1542 1422 quid
1558 1357 1779 1431 impedit.

453 1437 597 1483 Hanc
622 1435 781 1482 sciunt
804 1434 951 1481 etiam
979 1434 1119 1497 pueri
1144 1433 1402 1488 decennes,
1428 1449 1576 1497 quam
1613 1441 1781 1480 tamen

386 1510 465 1557 ille
501 1527 598 1558 non
626 1509 993 1557 demonstravit.
1066 1509 1192 1565 Nam
1236 1509 1434 1556 deducit
1469 1525 1577 1562 eam
1611 1509 1673 1556 ab
1698 1508 1782 1568 viii

387 1595 437 1633 et
453 1586 518 1633 vii
541 1585 950 1650 praecedentibus,
966 1601 1172 1649 quarum
1197 1585 1330 1633 illam
1349 1586 1568 1633 absolute
1591 1585 1781 1646 salsam,

386 1663 513 1710 hanc
537 1679 637 1710 non
663 1677 766 1709 esse
789 1661 1130 1710 universaliter
1152 1677 1334 1720 veram,
1360 1677 1508 1725 supra
1532 1651 1783 1721 ostensum

388 1746 479 1786 est.
549 1738 723 1800 Neque
758 1738 888 1792 inter
925 1737 1053 1785 hanc
1087 1746 1137 1785 et
1176 1737 1261 1785 viii
1298 1737 1508 1785 affinitas
1546 1736 1645 1793 ulla
1677 1744 1780 1797 est?

389 1829 501 1861 cum
525 1813 592 1860 ibi
612 1813 671 1861 de
695 1821 944 1861 momento
965 1821 1015 1861 et
1038 1813 1388 1879 impedimento
1413 1813 1590 1877 agitur,
1615 1812 1698 1860 hic
1721 1812 1783 1872 de

389 1889 437 1935 vi
468 1889 516 1936 vi
535 1890 795 1937 contraria.
849 1889 1009 1938 Causa
1027 1890 1206 1938 erroris
1226 1891 1396 1942 eadem
1420 1898 1494 1938 est
1518 1906 1629 1953 quae
1651 1897 1783 1959 ante³

390 1980 565 2027 nempe
588 1974 894 2013 momentum
929 1973 980 2013 et
1009 1965 1433 2029 impedimentum,
1460 1965 1561 2013 sive
1586 1981 1784 2025 causam

390 2047 444 2088 ut
478 2041 541 2088 sit
566 2049 614 2089 et
639 2057 834 2090 causam
863 2057 926 2090 ne
953 2042 1033 2102 sit,
1059 2042 1307 2090 contraria
1330 2057 1436 2090 esse
1474 2041 1781 2105 judicaverit.

846 2224 1179 2267 PROPOSITIO
1206 2225 1335 2258 XIII.

462 2306 582 2362 Quae
605 2325 666 2356 ex
700 2309 945 2358 mobilium
972 2311 1201 2376 pondere
1222 2311 1470 2360 resultant
1506 2318 1664 2361 motus
1699 2312 1787 2361 im-

389 2382 687 2444 pedimenta,
713 2387 911 2434 eoeteris
935 2386 1170 2451 paribus,
1203 2393 1317 2435 sunt
1330 2387 1645 2455 ponderibus
1663 2403 1788 2454 pro-

382 2457 712 2520 portionalia.

463 2532 701 2598 Quodque
724 2535 785 2583 de
800 2536 1026 2600 pondere
1050 2537 1252 2597 dieitur,
1277 2537 1339 2586 de
1354 2539 1527 2603 quavi-s·
1544 2538 1654 2587 alia
1678 2555 1790 2588 eon-

396 2608 564 2655 traria
604 2610 653 2656 vi
696 2611 930 2660 similiter
967 2613 1357 2678 intelligendum,
1405 2631 1516 2678 quce
1542 2615 1790 2680 ponderis

395 2682 560 2730 instar
583 2692 710 2734 erat.
779 2686 852 2735 Et
875 2688 1108 2737 similiter
1130 2689 1180 2737 in
1202 2689 1531 2754 sequentibus,

466 2758 589 2807 Quis
614 2759 738 2807 hanc
762 2762 994 2827 intelligit
1015 2765 1031 2812 Ρ
1103 2763 1237 2814 Quid
1262 2772 1337 2812 est
1355 2765 1608 2814 resultare
1624 2769 1653 2815 3
1694 2766 1791 2814 Re-

398 2832 545 2891 silire,
578 2850 641 2882 an
674 2852 801 2899 saepe
833 2839 1054 2888 resilire?
1124 2839 1249 2888 Cum
1285 2856 1404 2903 ergo
1429 2841 1547 2903 quid
1587 2842 1651 2891 sit
1691 2858 1792 2891 non

399 2906 634 2968 definivit,
661 2913 1019 2976 conjiciendum
1045 2916 1242 2980 reliquit
1265 2916 1398 2965 mihi.
1438 2917 1544 2982 Ego
1563 2934 1680 2968 vero
1697 2918 1791 2968 hoe
