1982 3204
728 263 1023 298 BPISTOLAE.
1475 254 1572 298 283

181 381 383 438 propter
401 390 547 439 quam
570 390 629 423 ea
652 390 763 439 quae
790 373 1105 459 reprehendit
1137 373 1341 422 debeam
1364 383 1572 423 mutare.
1613 383 1653 412 ¹¹
1657 383 1755 410 *be-¹¹
1737 391 1783 409 πυ·
1796 381 1833 410 ¹¹¹

182 449 527 499 Libentissime
550 451 681 499 enim
704 460 960 508 mutarem,
986 450 1027 498 si
1058 449 1410 513 paralogismos
1441 466 1575 497 meos
1614 427 1817 494 {Le-'⁰2

182 540 378 589 possem
425 526 669 589 detegere,
718 542 827 590 quae
874 526 1035 574 miuus
1081 533 1215 572 recte
1261 524 1394 572 dicta
1438 534 1573 577 sunt.

183 601 364 665 quippe
387 602 470 664 qui
504 601 626 649 nihil
650 601 817 649 edidi
805 618 856 649 m
879 601 1129 665 publicum
1153 616 1249 664 quo
1273 608 1459 658 tenear,
1477 616 1577 648 una

184 692 297 724 cum
325 676 528 735 bonore,
553 693 743 725 errores
774 692 909 725 meos
943 676 1262 740 pertinaciter
1298 674 1575 722 defendere.

185 750 253 800 Ni
287 760 454 800 tamen
493 752 620 801 tanti
661 753 753 800 viri
792 752 1093 800 authoritate
1133 750 1429 798 existimatio
1470 766 1579 797 mea

183 827 318 891 apud
350 836 401 876 te
437 828 758 892 opprimatur,
791 829 951 875 visum
985 835 1059 875 est
1092 826 1212 875 mihi
1245 825 1453 889 epistola
1485 825 1578 873 hac

185 902 543 966 objectionibus
576 904 696 966 ejus,
720 919 780 950 eo
803 903 977 951 ordine
1001 918 1099 966 quo
1122 918 1153 950 a
1174 913 1224 950 te
1248 901 1417 949 relatae
1446 910 1578 959 sunt,

185 978 354 1042 paucis
376 987 615 1041 quantum
636 993 837 1042 possum
870 985 922 1026 et
955 994 1053 1041 qua
1081 993 1280 1041 possum
1310 976 1579 1040 perspicui-

185 1061 290 1102 tate
310 1052 621 1116 respondere.

252 1128 404 1186 Dicis,
424 1128 583 1191 primo
599 1128 727 1186 locu,
747 1127 999 1176 dominum
1017 1127 1277 1176 Descartes
1301 1143 1402 1175 non
1426 1142 1579 1191 agno-

185 1219 323 1253 scere
345 1203 572 1268 spiritum
602 1203 740 1251 illum
767 1204 1033 1261 internum,
1062 1219 1208 1267 quem
1245 1219 1338 1266 ego
1366 1203 1435 1250 ibi
1466 1218 1580 1266 sup-

181 1295 335 1344 pono,
360 1278 569 1327 eundem
593 1294 698 1327 esse
730 1295 843 1327 cum
874 1279 1079 1327 materia
1103 1278 1271 1327 subtili
1295 1294 1443 1342 quam
1465 1294 1581 1342 sup-

186 1355 330 1419 ponit
351 1354 448 1402 ille.
1563 1393 1571 1399 ι

256 1428 566 1493 Roepondeo,
581 1437 714 1477 certe
733 1445 825 1492 ego
844 1445 932 1492 per
949 1428 1183 1493 spiritum
1206 1427 1480 1490 intelligere
1501 1442 1582 1475 me

189 1505 292 1554 dixi
315 1520 492 1568 corpus
516 1505 694 1552 subtile
718 1514 770 1552 et
793 1504 1021 1552 fluidum:
1058 1503 1175 1568 quid
1199 1512 1365 1551 autem
1388 1502 1583 1551 intersit

189 1581 321 1630 inter
342 1595 520 1644 corpus
537 1580 715 1628 subtile
735 1589 786 1628 et
810 1580 1067 1628 materiam
1090 1579 1335 1638 subtilem,
1355 1578 1583 1642 equidem

188 1672 292 1706 non
314 1655 551 1719 intelligo.

258 1731 493 1790 Adducis,
527 1732 755 1795 proximo
790 1731 916 1789 loco,
952 1745 1123 1778 causas
1159 1745 1311 1793 quare
1347 1729 1442 1777 hoc
1480 1744 1584 1778 non

190 1808 432 1872 agnoscit,
461 1824 581 1871 quas
608 1806 732 1855 dicis
763 1822 870 1855 esse
902 1806 1047 1854 duas:
1082 1806 1307 1870 primam,
1340 1805 1456 1868 quia
1490 1821 1583 1869 ego

186 1891 357 1932 statuo
391 1883 592 1947 spiritus
628 1884 848 1930 internos
885 1898 1083 1930 causam
1119 1898 1226 1930 esse
1260 1880 1473 1939 duritiei,
1501 1880 1585 1929 ille

191 1958 447 2008 materiam
467 1958 696 2007 subtilem
716 1973 913 2006 causam
933 1973 1037 2005 esse
1054 1957 1282 2005 molitiei:
1302 1956 1585 2012 secundam,

193 2035 310 2099 quia
341 2050 442 2083 non
469 2034 603 2082 videt
630 2033 711 2081 ille
743 2049 841 2097 qua
868 2033 1060 2081 ratione
1087 2032 1181 2080 iste
1209 2032 1409 2095 spiritus
1442 2030 1585 2079 valde

192 2110 386 2159 mobilis
409 2110 696 2173 corporibus
720 2108 854 2156 duris
876 2108 946 2156 ita
978 2107 1164 2156 includi
1194 2107 1348 2171 possit
1378 2115 1436 2154 ut
1460 2122 1588 2154 nun-

193 2201 342 2250 quam
372 2201 434 2234 ex
460 2185 520 2233 iis
543 2184 840 2248 egrediatur,
871 2199 964 2232 nec
998 2182 1245 2247 quomodo
1279 2181 1589 2246 ingrediatur

196 2260 393 2325 quando
415 2259 584 2308 mollia
607 2259 890 2308 durescunt.

264 2336 446 2386 Quaeso
469 2344 535 2394 te,
561 2335 983 2384 Reverendissime
1007 2334 1167 2392 Pater,
1195 2333 1310 2393 (tibi
1336 2334 1468 2382 enim
1493 2333 1587 2381 soli

197 2426 332 2460 nunc
346 2410 626 2459 satisfacere
639 2411 851 2473 satago),
868 2408 1090 2472 nunquid
1103 2409 1194 2456 tibi
1211 2424 1388 2472 capere
1405 2408 1587 2472 impos-

195 2484 339 2534 sibile
359 2494 435 2534 est
455 2486 679 2551 spiritum
702 2485 909 2533 fluidum
926 2494 978 2532 et
994 2484 1224 2532 subtilem
1243 2484 1392 2531 talem
1411 2492 1461 2531 et
1484 2492 1588 2531 tam

200 2559 417 2608 velocem
438 2569 626 2609 motum
649 2561 831 2609 habere
855 2575 1014 2624 posse,
1032 2568 1088 2607 ut
1109 2568 1274 2623 partes
1298 2560 1404 2622 ejus
1427 2560 1588 2607 minus

200 2633 381 2683 cedant
404 2636 559 2684 tactui
588 2645 640 2685 et
673 2636 906 2700 impulsui
932 2643 1117 2691 nostro,
1149 2650 1297 2698 quam
1328 2634 1371 2682 si
1401 2633 1588 2682 eaedem

201 2709 299 2758 alio
342 2717 479 2758 motu
516 2718 568 2760 et
605 2712 766 2760 minus
804 2710 961 2759 veloci
1001 2709 1381 2758 concitarentur.
1454 2708 1588 2757 Quid

201 2794 368 2833 autem
403 2793 479 2833 est
514 2784 707 2845 durum,
738 2794 919 2849 praeter
952 2784 1005 2832 id
1038 2785 1177 2847 cujus
1211 2793 1391 2847 partes,
1427 2791 1588 2830 stante

203 2868 326 2921 tote,
359 2859 542 2909 minus:
578 2861 740 2921 molle,
766 2870 947 2925 praeter
977 2859 1030 2909 id
1060 2860 1199 2923 cujus
1235 2867 1400 2923 partes
1433 2857 1589 2920 magis
