<?xml version="1.0" encoding="UTF-8"?>
<!DOCTYPE html PUBLIC "-//W3C//DTD XHTML 1.0 Transitional//EN"
    "http://www.w3.org/TR/xhtml1/DTD/xhtml1-transitional.dtd">
<html xmlns="http://www.w3.org/1999/xhtml" xml:lang="en" lang="en">
 <head>
  <title>
</title>
<meta http-equiv="Content-Type" content="text/html;charset=utf-8" />
  <meta name='ocr-system' content='tesseract 3.04.00' />
  <meta name='ocr-capabilities' content='ocr_page ocr_carea ocr_par ocr_line ocrx_word'/>
</head>
<body>
  <div class='ocr_page' id='page_1' title='image "./operaphilosophic05hobbuoft_0335.png"; bbox 0 0 1982 3204; ppageno 0'>
   <div class='ocr_carea' id='block_1_1' title="bbox 129 622 186 663">
    <p class='ocr_par' dir='ltr' id='par_1_1' title="bbox 129 622 186 663">
     <span class='ocr_line' id='line_1_1' title="bbox 129 622 186 663; baseline 0 0"><span class='ocrx_word' id='word_1_1' title='bbox 129 622 186 663; x_wconf 88' lang='lat'><strong>60</strong></span> 
     </span>
    </p>
   </div>
   <div class='ocr_carea' id='block_1_2' title="bbox 125 1285 182 1327">
    <p class='ocr_par' dir='ltr' id='par_1_2' title="bbox 125 1285 182 1327">
     <span class='ocr_line' id='line_1_2' title="bbox 125 1285 182 1327; baseline -0.018 0"><span class='ocrx_word' id='word_1_2' title='bbox 125 1285 182 1327; x_wconf 86' lang='lat'><strong>70</strong></span> 
     </span>
    </p>
   </div>
   <div class='ocr_carea' id='block_1_3' title="bbox 125 1952 183 1992">
    <p class='ocr_par' dir='ltr' id='par_1_3' title="bbox 125 1952 183 1992">
     <span class='ocr_line' id='line_1_3' title="bbox 125 1952 183 1992; baseline 0 0"><span class='ocrx_word' id='word_1_3' title='bbox 125 1952 183 1992; x_wconf 91' lang='grc'><strong>80</strong></span> 
     </span>
    </p>
   </div>
   <div class='ocr_carea' id='block_1_4' title="bbox 566 245 1601 299">
    <p class='ocr_par' dir='ltr' id='par_1_4' title="bbox 566 245 1601 299">
     <span class='ocr_line' id='line_1_4' title="bbox 566 245 1601 299; baseline 0.007 -16"><span class='ocrx_word' id='word_1_4' title='bbox 566 249 637 284; x_wconf 75' lang='lat' dir='ltr'><strong>nn</strong></span> <span class='ocrx_word' id='word_1_5' title='bbox 675 249 1046 284; x_wconf 58' lang='lat' dir='ltr'><strong>minuamus</strong></span> <span class='ocrx_word' id='word_1_6' title='bbox 1086 251 1262 287; x_wconf 68' lang='lat' dir='ltr'><strong>rucei.</strong></span> <span class='ocrx_word' id='word_1_7' title='bbox 1505 245 1601 299; x_wconf 84' lang='lat'><strong>327</strong></span> 
     </span>
    </p>
   </div>
   <div class='ocr_carea' id='block_1_5' title="bbox 211 356 1525 2602">
    <p class='ocr_par' dir='ltr' id='par_1_5' title="bbox 218 356 1151 404">
     <span class='ocr_line' id='line_1_5' title="bbox 218 356 1151 404; baseline 0 -1"><span class='ocrx_word' id='word_1_8' title='bbox 218 356 474 403; x_wconf 82' lang='lat' dir='ltr'><strong>Candidiore</strong></span> <span class='ocrx_word' id='word_1_9' title='bbox 494 358 579 403; x_wconf 84' lang='lat' dir='ltr'><strong>frui</strong></span> <span class='ocrx_word' id='word_1_10' title='bbox 600 359 739 403; x_wconf 79' lang='lat' dir='ltr'><strong>Musae</strong></span> <span class='ocrx_word' id='word_1_11' title='bbox 759 366 987 404; x_wconf 79' lang='lat' dir='ltr'><strong>censentur</strong></span> <span class='ocrx_word' id='word_1_12' title='bbox 1005 360 1151 404; x_wconf 88' lang='lat' dir='ltr'><strong>amico.</strong></span> 
     </span>
    </p>

    <p class='ocr_par' dir='ltr' id='par_1_6' title="bbox 216 423 1335 615">
     <span class='ocr_line' id='line_1_6' title="bbox 218 423 1335 483; baseline 0.002 -15"><span class='ocrx_word' id='word_1_13' title='bbox 218 423 336 468; x_wconf 85' lang='lat' dir='ltr'><strong>Hine</strong></span> <span class='ocrx_word' id='word_1_14' title='bbox 355 425 408 468; x_wconf 86' lang='lat' dir='ltr'><strong>ad</strong></span> <span class='ocrx_word' id='word_1_15' title='bbox 427 432 553 476; x_wconf 84' lang='lat' dir='ltr'><strong>tecta,</strong></span> <span class='ocrx_word' id='word_1_16' title='bbox 574 426 663 469; x_wconf 94' lang='lat' dir='ltr'><strong>solo</strong></span> <span class='ocrx_word' id='word_1_17' title='bbox 682 433 896 483; x_wconf 82' lang='lat' dir='ltr'>surgente,</span> <span class='ocrx_word' id='word_1_18' title='bbox 918 426 1177 469; x_wconf 80' lang='lat' dir='ltr'>ascenditur:</span> <span class='ocrx_word' id='word_1_19' title='bbox 1200 435 1335 479; x_wconf 81' lang='lat' dir='ltr'><strong>extra,</strong></span> 
     </span>
     <span class='ocr_line' id='line_1_7' title="bbox 216 490 1234 548; baseline 0.003 -15"><span class='ocrx_word' id='word_1_20' title='bbox 216 490 422 548; x_wconf 87' lang='lat' dir='ltr'><strong>Augusta</strong></span> <span class='ocrx_word' id='word_1_21' title='bbox 440 500 626 548; x_wconf 87' lang='lat' dir='ltr'><strong>aspectu,</strong></span> <span class='ocrx_word' id='word_1_22' title='bbox 647 492 855 543; x_wconf 86' lang='lat' dir='ltr'><strong>sublimia,</strong></span> <span class='ocrx_word' id='word_1_23' title='bbox 876 492 994 548; x_wconf 85' lang='lat' dir='ltr'><strong>regia</strong></span> <span class='ocrx_word' id='word_1_24' title='bbox 1011 510 1022 541; x_wconf 86' lang='lat'>;</span> <span class='ocrx_word' id='word_1_25' title='bbox 1057 499 1101 535; x_wconf 91' lang='lat' dir='ltr'><strong>et</strong></span> <span class='ocrx_word' id='word_1_26' title='bbox 1120 492 1234 536; x_wconf 89' lang='lat' dir='ltr'><strong>intra</strong></span> 
     </span>
     <span class='ocr_line' id='line_1_8' title="bbox 217 555 1334 615; baseline 0.002 -14"><span class='ocrx_word' id='word_1_27' title='bbox 217 555 462 608; x_wconf 74' lang='lat' dir='ltr'><strong>Commoda,</strong></span> <span class='ocrx_word' id='word_1_28' title='bbox 482 558 610 608; x_wconf 86' lang='lat' dir='ltr'><strong>culta,</strong></span> <span class='ocrx_word' id='word_1_29' title='bbox 630 558 810 615; x_wconf 80' lang='lat' dir='ltr'><strong>capacia,</strong></span> <span class='ocrx_word' id='word_1_30' title='bbox 831 558 1064 615; x_wconf 84' lang='lat' dir='ltr'><strong>splendida,</strong></span> <span class='ocrx_word' id='word_1_31' title='bbox 1086 558 1192 601; x_wconf 86' lang='lat' dir='ltr'><strong>ditia</strong></span> <span class='ocrx_word' id='word_1_32' title='bbox 1211 565 1334 603; x_wconf 87' lang='lat' dir='ltr'><strong>tecta.</strong></span> 
     </span>
    </p>

    <p class='ocr_par' dir='ltr' id='par_1_7' title="bbox 214 622 1525 748">
     <span class='ocr_line' id='line_1_9' title="bbox 216 622 1525 682; baseline 0.003 -15"><span class='ocrx_word' id='word_1_33' title='bbox 216 622 286 667; x_wconf 89' lang='lat' dir='ltr'><strong>At</strong></span> <span class='ocrx_word' id='word_1_34' title='bbox 303 630 353 667; x_wconf 91' lang='lat' dir='ltr'><strong>tu</strong></span> <span class='ocrx_word' id='word_1_35' title='bbox 373 625 614 668; x_wconf 86' lang='lat' dir='ltr'><strong>marmoreis</strong></span> <span class='ocrx_word' id='word_1_36' title='bbox 635 640 731 681; x_wconf 85' lang='lat' dir='ltr'><strong>quae</strong></span> <span class='ocrx_word' id='word_1_37' title='bbox 752 625 838 668; x_wconf 90' lang='lat' dir='ltr'><strong>sint</strong></span> <span class='ocrx_word' id='word_1_38' title='bbox 857 624 1068 681; x_wconf 88' lang='lat' dir='ltr'><strong>descripta</strong></span> <span class='ocrx_word' id='word_1_39' title='bbox 1086 625 1236 682; x_wconf 87' lang='lat' dir='ltr'><strong>figuris</strong></span> <span class='ocrx_word' id='word_1_40' title='bbox 1456 656 1525 671; x_wconf 54' lang='grc'><strong>..-</strong></span> 
     </span>
     <span class='ocr_line' id='line_1_10' title="bbox 214 688 1291 748; baseline 0.001 -16"><span class='ocrx_word' id='word_1_41' title='bbox 214 688 340 733; x_wconf 85' lang='lat' dir='ltr'><strong>Ficta</strong></span> <span class='ocrx_word' id='word_1_42' title='bbox 358 698 590 747; x_wconf 86' lang='lat' dir='ltr'><strong>poetarum,</strong></span> <span class='ocrx_word' id='word_1_43' title='bbox 612 691 843 748; x_wconf 90' lang='lat' dir='ltr'><strong>priscorum</strong></span> <span class='ocrx_word' id='word_1_44' title='bbox 863 698 939 734; x_wconf 86' lang='lat' dir='ltr'><strong>aut</strong></span> <span class='ocrx_word' id='word_1_45' title='bbox 958 691 1071 734; x_wconf 84' lang='lat' dir='ltr'><strong>sacta</strong></span> <span class='ocrx_word' id='word_1_46' title='bbox 1089 691 1291 743; x_wconf 86' lang='lat' dir='ltr'><strong>virorum,</strong></span> 
     </span>
    </p>

    <p class='ocr_par' dir='ltr' id='par_1_8' title="bbox 214 755 1295 880">
     <span class='ocr_line' id='line_1_11' title="bbox 214 755 1295 814; baseline 0 -14"><span class='ocrx_word' id='word_1_47' title='bbox 214 755 262 798; x_wconf 86' lang='lat' dir='ltr'>N</span> <span class='ocrx_word' id='word_1_48' title='bbox 263 771 287 799; x_wconf 87' lang='lat' dir='ltr'><strong>e</strong></span> <span class='ocrx_word' id='word_1_49' title='bbox 306 772 440 807; x_wconf 88' lang='lat' dir='ltr'><strong>cures,</strong></span> <span class='ocrx_word' id='word_1_50' title='bbox 460 757 567 800; x_wconf 88' lang='lat' dir='ltr'><strong>duro</strong></span> <span class='ocrx_word' id='word_1_51' title='bbox 587 772 664 800; x_wconf 87' lang='lat' dir='ltr'><strong>nec</strong></span> <span class='ocrx_word' id='word_1_52' title='bbox 684 764 849 800; x_wconf 88' lang='lat' dir='ltr'><strong>certans</strong></span> <span class='ocrx_word' id='word_1_53' title='bbox 868 772 1075 800; x_wconf 86' lang='lat' dir='ltr'><strong>marmore</strong></span> <span class='ocrx_word' id='word_1_54' title='bbox 1094 772 1295 814; x_wconf 81' lang='lat' dir='ltr'><strong>gypsum.</strong></span> 
     </span>
     <span class='ocr_line' id='line_1_12' title="bbox 214 821 1260 880; baseline 0 -15"><span class='ocrx_word' id='word_1_55' title='bbox 214 821 430 880; x_wconf 87' lang='lat' dir='ltr'><strong>Ingenuos</strong></span> <span class='ocrx_word' id='word_1_56' title='bbox 450 838 526 866; x_wconf 88' lang='lat' dir='ltr'><strong>nee</strong></span> <span class='ocrx_word' id='word_1_57' title='bbox 547 830 595 866; x_wconf 90' lang='lat' dir='ltr'><strong>tu</strong></span> <span class='ocrx_word' id='word_1_58' title='bbox 615 822 759 879; x_wconf 86' lang='lat' dir='ltr'><strong>cupias</strong></span> <span class='ocrx_word' id='word_1_59' title='bbox 779 838 999 866; x_wconf 86' lang='lat' dir='ltr'><strong>numerare</strong></span> <span class='ocrx_word' id='word_1_60' title='bbox 1019 823 1260 874; x_wconf 89' lang='lat' dir='ltr'><strong>ministros;</strong></span> 
     </span>
    </p>

    <p class='ocr_par' dir='ltr' id='par_1_9' title="bbox 215 887 1400 1005">
     <span class='ocr_line' id='line_1_13' title="bbox 217 887 1400 946; baseline -0.001 -13"><span class='ocrx_word' id='word_1_61' title='bbox 217 887 302 933; x_wconf 80' lang='lat' dir='ltr'><strong>Sed</strong></span> <span class='ocrx_word' id='word_1_62' title='bbox 320 889 550 940; x_wconf 87' lang='lat' dir='ltr'><strong>dominum,</strong></span> <span class='ocrx_word' id='word_1_63' title='bbox 571 904 664 931; x_wconf 87' lang='lat' dir='ltr'><strong>mea</strong></span> <span class='ocrx_word' id='word_1_64' title='bbox 684 888 824 939; x_wconf 88' lang='lat' dir='ltr'><strong>Musa,</strong></span> <span class='ocrx_word' id='word_1_65' title='bbox 846 888 971 939; x_wconf 84' lang='lat' dir='ltr'><strong>colas,</strong></span> <span class='ocrx_word' id='word_1_66' title='bbox 992 889 1062 932; x_wconf 88' lang='lat' dir='ltr'><strong>eui</strong></span> <span class='ocrx_word' id='word_1_67' title='bbox 1080 895 1210 946; x_wconf 88' lang='lat' dir='ltr'><strong>gente</strong></span> <span class='ocrx_word' id='word_1_68' title='bbox 1229 895 1400 933; x_wconf 84' lang='lat' dir='ltr'><strong>vetusta</strong></span> 
     </span>
     <span class='ocr_line' id='line_1_14' title="bbox 215 954 1178 1005; baseline -0.001 -6"><span class='ocrx_word' id='word_1_69' title='bbox 215 954 326 999; x_wconf 84' lang='lat' dir='ltr'><strong>Orto</strong></span> <span class='ocrx_word' id='word_1_70' title='bbox 344 955 418 998; x_wconf 88' lang='lat' dir='ltr'><strong>dat</strong></span> <span class='ocrx_word' id='word_1_71' title='bbox 438 955 585 998; x_wconf 87' lang='lat' dir='ltr'><strong>titulos</strong></span> <span class='ocrx_word' id='word_1_72' title='bbox 606 954 813 1005; x_wconf 88' lang='lat' dir='ltr'><strong>Devonia,</strong></span> <span class='ocrx_word' id='word_1_73' title='bbox 837 954 997 998; x_wconf 86' lang='lat' dir='ltr'><strong>Derbia</strong></span> <span class='ocrx_word' id='word_1_74' title='bbox 1015 954 1178 998; x_wconf 85' lang='lat' dir='ltr'><strong>curas¹:</strong></span> 
     </span>
    </p>

    <p class='ocr_par' dir='ltr' id='par_1_10' title="bbox 215 1020 1325 1144">
     <span class='ocr_line' id='line_1_15' title="bbox 215 1020 1255 1078; baseline 0 -14"><span class='ocrx_word' id='word_1_75' title='bbox 215 1021 377 1065; x_wconf 86' lang='lat' dir='ltr'><strong>Acrem</strong></span> <span class='ocrx_word' id='word_1_76' title='bbox 389 1020 564 1078; x_wconf 88' lang='lat' dir='ltr'><strong>judicio,</strong></span> <span class='ocrx_word' id='word_1_77' title='bbox 585 1027 848 1064; x_wconf 79' lang='lat' dir='ltr'><strong>constantem</strong></span> <span class='ocrx_word' id='word_1_78' title='bbox 869 1028 1052 1078; x_wconf 79' lang='lat' dir='ltr'><strong>pectore,</strong></span> <span class='ocrx_word' id='word_1_79' title='bbox 1074 1021 1255 1072; x_wconf 87' lang='lat' dir='ltr'><strong>lautum,</strong></span> 
     </span>
     <span class='ocr_line' id='line_1_16' title="bbox 215 1086 1325 1144; baseline -0.001 -12"><span class='ocrx_word' id='word_1_80' title='bbox 215 1088 509 1144; x_wconf 78' lang='lat' dir='ltr'><strong>Utentemque</strong></span> <span class='ocrx_word' id='word_1_81' title='bbox 529 1088 678 1144; x_wconf 89' lang='lat' dir='ltr'><strong>opibus</strong></span> <span class='ocrx_word' id='word_1_82' title='bbox 698 1086 806 1130; x_wconf 85' lang='lat' dir='ltr'><strong>luxu</strong></span> <span class='ocrx_word' id='word_1_83' title='bbox 825 1087 943 1138; x_wconf 88' lang='lat' dir='ltr'><strong>sine;</strong></span> <span class='ocrx_word' id='word_1_84' title='bbox 975 1094 1019 1131; x_wconf 90' lang='lat' dir='ltr'><strong>et</strong></span> <span class='ocrx_word' id='word_1_85' title='bbox 1038 1087 1151 1131; x_wconf 89' lang='lat' dir='ltr'><strong>inter</strong></span> <span class='ocrx_word' id='word_1_86' title='bbox 1169 1087 1325 1131; x_wconf 89' lang='lat' dir='ltr'><strong>amicos</strong></span> 
     </span>
    </p>

    <p class='ocr_par' dir='ltr' id='par_1_11' title="bbox 213 1153 1071 1211">
     <span class='ocr_line' id='line_1_17' title="bbox 213 1153 1071 1211; baseline -0.001 -13"><span class='ocrx_word' id='word_1_87' title='bbox 213 1154 295 1198; x_wconf 89' lang='lat' dir='ltr'><strong>Ille</strong></span> <span class='ocrx_word' id='word_1_88' title='bbox 313 1153 431 1198; x_wconf 88' lang='lat' dir='ltr'><strong>chori</strong></span> <span class='ocrx_word' id='word_1_89' title='bbox 450 1154 581 1197; x_wconf 88' lang='lat' dir='ltr'><strong>vestri</strong></span> <span class='ocrx_word' id='word_1_90' title='bbox 600 1154 728 1196; x_wconf 89' lang='lat' dir='ltr'><strong>decus</strong></span> <span class='ocrx_word' id='word_1_91' title='bbox 744 1169 755 1203; x_wconf 90' lang='lat'>;</span> <span class='ocrx_word' id='word_1_92' title='bbox 786 1153 858 1196; x_wconf 89' lang='lat' dir='ltr'><strong>ille</strong></span> <span class='ocrx_word' id='word_1_93' title='bbox 884 1153 1071 1211; x_wconf 87' lang='lat' dir='ltr'><strong>benigna</strong></span> 
     </span>
    </p>

    <p class='ocr_par' dir='ltr' id='par_1_12' title="bbox 214 1218 1175 1269">
     <span class='ocr_line' id='line_1_18' title="bbox 214 1218 1175 1269; baseline -0.002 -5"><span class='ocrx_word' id='word_1_94' title='bbox 214 1219 318 1265; x_wconf 85' lang='lat' dir='ltr'><strong>Otia</strong></span> <span class='ocrx_word' id='word_1_95' title='bbox 335 1220 410 1263; x_wconf 85' lang='lat' dir='ltr'><strong>dat</strong></span> <span class='ocrx_word' id='word_1_96' title='bbox 429 1220 568 1263; x_wconf 90' lang='lat' dir='ltr'><strong>Musis</strong></span> <span class='ocrx_word' id='word_1_97' title='bbox 585 1237 597 1269; x_wconf 75' lang='lat'><em>3</em></span> <span class='ocrx_word' id='word_1_98' title='bbox 630 1219 703 1262; x_wconf 89' lang='lat' dir='ltr'><strong>sed</strong></span> <span class='ocrx_word' id='word_1_99' title='bbox 723 1227 768 1262; x_wconf 92' lang='lat' dir='ltr'><strong>et</strong></span> <span class='ocrx_word' id='word_1_100' title='bbox 786 1218 849 1261; x_wconf 93' lang='lat' dir='ltr'><strong>illi</strong></span> <span class='ocrx_word' id='word_1_101' title='bbox 870 1218 999 1262; x_wconf 88' lang='lat' dir='ltr'><strong>Musa</strong></span> <span class='ocrx_word' id='word_1_102' title='bbox 1017 1219 1175 1262; x_wconf 88' lang='lat' dir='ltr'><strong>diserto</strong></span> 
     </span>
    </p>

    <p class='ocr_par' dir='ltr' id='par_1_13' title="bbox 211 1285 1401 1676">
     <span class='ocr_line' id='line_1_19' title="bbox 214 1285 1381 1342; baseline -0.001 -12"><span class='ocrx_word' id='word_1_103' title='bbox 214 1285 302 1331; x_wconf 88' lang='lat' dir='ltr'><strong>Ore</strong></span> <span class='ocrx_word' id='word_1_104' title='bbox 320 1286 452 1342; x_wconf 91' lang='lat' dir='ltr'><strong>loqui,</strong></span> <span class='ocrx_word' id='word_1_105' title='bbox 473 1293 603 1342; x_wconf 87' lang='lat' dir='ltr'><strong>atque</strong></span> <span class='ocrx_word' id='word_1_106' title='bbox 622 1285 763 1328; x_wconf 88' lang='lat' dir='ltr'><strong>animo</strong></span> <span class='ocrx_word' id='word_1_107' title='bbox 783 1300 999 1329; x_wconf 85' lang='lat' dir='ltr'><strong>secernere</strong></span> <span class='ocrx_word' id='word_1_108' title='bbox 1019 1286 1162 1342; x_wconf 85' lang='lat' dir='ltr'><strong>turpia</strong></span> <span class='ocrx_word' id='word_1_109' title='bbox 1180 1285 1381 1329; x_wconf 78' lang='lat' dir='ltr'><strong>honestis.</strong></span> 
     </span>
     <span class='ocr_line' id='line_1_20' title="bbox 213 1351 1376 1409; baseline 0 -14"><span class='ocrx_word' id='word_1_110' title='bbox 213 1352 330 1396; x_wconf 87' lang='lat' dir='ltr'><strong>Tum</strong></span> <span class='ocrx_word' id='word_1_111' title='bbox 350 1352 595 1396; x_wconf 81' lang='lat' dir='ltr'><strong>Dominam²</strong></span> <span class='ocrx_word' id='word_1_112' title='bbox 614 1358 791 1409; x_wconf 88' lang='lat' dir='ltr'><strong>spectes,</strong></span> <span class='ocrx_word' id='word_1_113' title='bbox 813 1351 899 1394; x_wconf 86' lang='lat' dir='ltr'><strong>alta</strong></span> <span class='ocrx_word' id='word_1_114' title='bbox 918 1352 970 1395; x_wconf 88' lang='lat' dir='ltr'><strong>de</strong></span> <span class='ocrx_word' id='word_1_115' title='bbox 990 1358 1119 1409; x_wconf 90' lang='lat' dir='ltr'><strong>gente</strong></span> <span class='ocrx_word' id='word_1_116' title='bbox 1138 1351 1376 1395; x_wconf 89' lang='lat' dir='ltr'><strong>Brusorum</strong></span> 
     </span>
     <span class='ocr_line' id='line_1_21' title="bbox 212 1418 1288 1477; baseline -0.001 -15"><span class='ocrx_word' id='word_1_117' title='bbox 212 1418 491 1477; x_wconf 70' lang='lat' dir='ltr'><strong>Magnanimo</strong></span> <span class='ocrx_word' id='word_1_118' title='bbox 511 1434 688 1476; x_wconf 88' lang='lat' dir='ltr'><strong>proavos</strong></span> <span class='ocrx_word' id='word_1_119' title='bbox 708 1418 938 1474; x_wconf 81' lang='lat' dir='ltr'><strong>spirantem</strong></span> <span class='ocrx_word' id='word_1_120' title='bbox 958 1425 1128 1475; x_wconf 86' lang='lat' dir='ltr'><strong>pectore</strong></span> <span class='ocrx_word' id='word_1_121' title='bbox 1155 1433 1288 1474; x_wconf 85' lang='lat' dir='ltr'><strong>reges.</strong></span> 
     </span>
     <span class='ocr_line' id='line_1_22' title="bbox 211 1483 1401 1542; baseline -0.001 -14"><span class='ocrx_word' id='word_1_122' title='bbox 211 1486 535 1542; x_wconf 90' lang='lat' dir='ltr'><strong>Amborumque</strong></span> <span class='ocrx_word' id='word_1_123' title='bbox 555 1485 651 1528; x_wconf 86' lang='lat' dir='ltr'><strong>vide</strong></span> <span class='ocrx_word' id='word_1_124' title='bbox 670 1484 870 1535; x_wconf 90' lang='lat' dir='ltr'><strong>sobolem,</strong></span> <span class='ocrx_word' id='word_1_125' title='bbox 887 1484 1178 1542; x_wconf 88' lang='lat' dir='ltr'><strong>imprimisque</strong></span> <span class='ocrx_word' id='word_1_126' title='bbox 1197 1483 1401 1540; x_wconf 82' lang='lat' dir='ltr'><strong>puellam³</strong></span> 
     </span>
     <span class='ocr_line' id='line_1_23' title="bbox 211 1550 1287 1610; baseline 0 -16"><span class='ocrx_word' id='word_1_127' title='bbox 211 1551 399 1610; x_wconf 86' lang='lat' dir='ltr'><strong>Dignam</strong></span> <span class='ocrx_word' id='word_1_128' title='bbox 420 1567 506 1608; x_wconf 88' lang='lat' dir='ltr'><strong>qua</strong></span> <span class='ocrx_word' id='word_1_129' title='bbox 524 1551 689 1594; x_wconf 88' lang='lat' dir='ltr'><strong>caleant</strong></span> <span class='ocrx_word' id='word_1_130' title='bbox 709 1551 863 1607; x_wconf 91' lang='lat' dir='ltr'><strong>superi,</strong></span> <span class='ocrx_word' id='word_1_131' title='bbox 884 1551 1092 1607; x_wconf 88' lang='lat' dir='ltr'><strong>binosque</strong></span> <span class='ocrx_word' id='word_1_132' title='bbox 1107 1550 1287 1607; x_wconf 88' lang='lat' dir='ltr'><strong>puellos⁴</strong></span> 
     </span>
     <span class='ocr_line' id='line_1_24' title="bbox 213 1616 1172 1676; baseline -0.001 -15"><span class='ocrx_word' id='word_1_133' title='bbox 213 1618 459 1676; x_wconf 88' lang='lat' dir='ltr'><strong>Angelicos‚</strong></span> <span class='ocrx_word' id='word_1_134' title='bbox 480 1617 584 1661; x_wconf 89' lang='lat' dir='ltr'><strong>casti</strong></span> <span class='ocrx_word' id='word_1_135' title='bbox 604 1617 843 1660; x_wconf 89' lang='lat' dir='ltr'><strong>communia</strong></span> <span class='ocrx_word' id='word_1_136' title='bbox 863 1616 1041 1674; x_wconf 87' lang='lat' dir='ltr'><strong>pignora</strong></span> <span class='ocrx_word' id='word_1_137' title='bbox 1059 1617 1172 1660; x_wconf 89' lang='lat' dir='ltr'><strong>lecti.</strong></span> 
     </span>
    </p>

    <p class='ocr_par' dir='ltr' id='par_1_14' title="bbox 214 1684 1446 1807">
     <span class='ocr_line' id='line_1_25' title="bbox 214 1684 1446 1739; baseline -0.002 -12"><span class='ocrx_word' id='word_1_138' title='bbox 214 1684 310 1728; x_wconf 88' lang='lat' dir='ltr'><strong>Hos</strong></span> <span class='ocrx_word' id='word_1_139' title='bbox 327 1691 378 1727; x_wconf 90' lang='lat' dir='ltr'><strong>tu</strong></span> <span class='ocrx_word' id='word_1_140' title='bbox 397 1684 572 1735; x_wconf 90' lang='lat' dir='ltr'><strong>mireris,</strong></span> <span class='ocrx_word' id='word_1_141' title='bbox 594 1684 866 1739; x_wconf 90' lang='lat' dir='ltr'><strong>sobolemque</strong></span> <span class='ocrx_word' id='word_1_142' title='bbox 886 1691 931 1727; x_wconf 89' lang='lat' dir='ltr'><strong>et</strong></span> <span class='ocrx_word' id='word_1_143' title='bbox 950 1691 1183 1739; x_wconf 90' lang='lat' dir='ltr'><strong>utrumque</strong></span> <span class='ocrx_word' id='word_1_144' title='bbox 1203 1688 1446 1739; x_wconf 82' lang='lat' dir='ltr'><strong>parentem3</strong></span> 
     </span>
     <span class='ocr_line' id='line_1_26' title="bbox 214 1748 1260 1807; baseline -0.003 -13"><span class='ocrx_word' id='word_1_145' title='bbox 214 1749 382 1795; x_wconf 81' lang='lat' dir='ltr'><strong>Caetera</strong></span> <span class='ocrx_word' id='word_1_146' title='bbox 401 1766 498 1807; x_wconf 83' lang='lat' dir='ltr'><strong>quae</strong></span> <span class='ocrx_word' id='word_1_147' title='bbox 518 1750 674 1793; x_wconf 85' lang='lat' dir='ltr'><strong>reseres</strong></span> <span class='ocrx_word' id='word_1_148' title='bbox 693 1749 906 1800; x_wconf 86' lang='lat' dir='ltr'><strong>miracula,</strong></span> <span class='ocrx_word' id='word_1_149' title='bbox 928 1756 1055 1792; x_wconf 87' lang='lat' dir='ltr'><strong>sunto</strong></span> <span class='ocrx_word' id='word_1_150' title='bbox 1074 1748 1260 1792; x_wconf 85' lang='lat' dir='ltr'><strong>minoris.</strong></span> 
     </span>
    </p>

    <p class='ocr_par' dir='ltr' id='par_1_15' title="bbox 214 1815 1127 1872">
     <span class='ocr_line' id='line_1_27' title="bbox 214 1815 1127 1872; baseline -0.003 -12"><span class='ocrx_word' id='word_1_151' title='bbox 214 1816 311 1860; x_wconf 89' lang='lat' dir='ltr'><strong>Alti</strong></span> <span class='ocrx_word' id='word_1_152' title='bbox 329 1823 554 1860; x_wconf 86' lang='lat' dir='ltr'><strong>censentur</strong></span> <span class='ocrx_word' id='word_1_153' title='bbox 573 1822 735 1872; x_wconf 90' lang='lat' dir='ltr'><strong>septem</strong></span> <span class='ocrx_word' id='word_1_154' title='bbox 754 1815 958 1858; x_wconf 85' lang='lat' dir='ltr'><strong>miracula</strong></span> <span class='ocrx_word' id='word_1_155' title='bbox 977 1815 1127 1858; x_wconf 88' lang='lat' dir='ltr'><strong>Pecei:</strong></span> 
     </span>
    </p>

    <p class='ocr_par' dir='ltr' id='par_1_16' title="bbox 214 1878 1500 2070">
     <span class='ocr_line' id='line_1_28' title="bbox 214 1878 1500 1936; baseline -0.002 -12"><span class='ocrx_word' id='word_1_156' title='bbox 214 1881 365 1934; x_wconf 83' lang='lat' dir='ltr'><strong>AEdes,</strong></span> <span class='ocrx_word' id='word_1_157' title='bbox 390 1883 531 1932; x_wconf 86' lang='lat' dir='ltr'><strong>Mons,</strong></span> <span class='ocrx_word' id='word_1_158' title='bbox 553 1881 823 1930; x_wconf 87' lang='lat' dir='ltr'><strong>Barathrum,</strong></span> <span class='ocrx_word' id='word_1_159' title='bbox 845 1881 970 1924; x_wconf 90' lang='lat' dir='ltr'><strong>binus</strong></span> <span class='ocrx_word' id='word_1_160' title='bbox 989 1879 1121 1931; x_wconf 84' lang='lat' dir='ltr'><strong>Fons,</strong></span> <span class='ocrx_word' id='word_1_161' title='bbox 1143 1880 1370 1936; x_wconf 80' lang='lat' dir='ltr'><strong>Antraque</strong></span> <span class='ocrx_word' id='word_1_162' title='bbox 1390 1878 1500 1923; x_wconf 82' lang='lat' dir='ltr'><strong>bina.</strong></span> 
     </span>
     <span class='ocr_line' id='line_1_29' title="bbox 218 1945 1351 2004; baseline -0.002 -13"><span class='ocrx_word' id='word_1_163' title='bbox 218 1948 390 1992; x_wconf 86' lang='lat' dir='ltr'><strong>Scilicet</strong></span> <span class='ocrx_word' id='word_1_164' title='bbox 408 1948 492 1991; x_wconf 86' lang='lat' dir='ltr'><strong>illae</strong></span> <span class='ocrx_word' id='word_1_165' title='bbox 512 1948 628 2004; x_wconf 89' lang='lat' dir='ltr'><strong>ipsae,</strong></span> <span class='ocrx_word' id='word_1_166' title='bbox 651 1962 756 2003; x_wconf 88' lang='lat' dir='ltr'><strong>quas</strong></span> <span class='ocrx_word' id='word_1_167' title='bbox 769 1947 860 2004; x_wconf 86' lang='lat' dir='ltr'><strong>jam</strong></span> <span class='ocrx_word' id='word_1_168' title='bbox 879 1946 1219 1997; x_wconf 88' lang='lat' dir='ltr'><strong>memoravimus,</strong></span> <span class='ocrx_word' id='word_1_169' title='bbox 1241 1945 1351 1989; x_wconf 85' lang='lat' dir='ltr'><strong>aedes</strong></span> 
     </span>
     <span class='ocr_line' id='line_1_30' title="bbox 216 2013 1125 2070; baseline -0.003 -12"><span class='ocrx_word' id='word_1_170' title='bbox 216 2014 390 2058; x_wconf 82' lang='lat' dir='ltr'><strong>Ornatae</strong></span> <span class='ocrx_word' id='word_1_171' title='bbox 410 2021 477 2058; x_wconf 89' lang='lat' dir='ltr'><strong>tot</strong></span> <span class='ocrx_word' id='word_1_172' title='bbox 496 2022 596 2057; x_wconf 91' lang='lat' dir='ltr'><strong>sunt</strong></span> <span class='ocrx_word' id='word_1_173' title='bbox 615 2014 726 2057; x_wconf 91' lang='lat' dir='ltr'><strong>inter</strong></span> <span class='ocrx_word' id='word_1_174' title='bbox 745 2013 948 2057; x_wconf 86' lang='lat' dir='ltr'><strong>miracula</strong></span> <span class='ocrx_word' id='word_1_175' title='bbox 966 2013 1125 2070; x_wconf 86' lang='lat' dir='ltr'><strong>primae.</strong></span> 
     </span>
    </p>

    <p class='ocr_par' dir='ltr' id='par_1_17' title="bbox 215 2077 1298 2136">
     <span class='ocr_line' id='line_1_31' title="bbox 215 2077 1298 2136; baseline -0.003 -13"><span class='ocrx_word' id='word_1_176' title='bbox 215 2080 339 2124; x_wconf 87' lang='lat' dir='ltr'><strong>Intra</strong></span> <span class='ocrx_word' id='word_1_177' title='bbox 356 2080 432 2123; x_wconf 87' lang='lat' dir='ltr'><strong>has</strong></span> <span class='ocrx_word' id='word_1_178' title='bbox 452 2080 503 2123; x_wconf 91' lang='lat' dir='ltr'><strong>de</strong></span> <span class='ocrx_word' id='word_1_179' title='bbox 523 2079 698 2136; x_wconf 89' lang='lat' dir='ltr'><strong>reliquis</strong></span> <span class='ocrx_word' id='word_1_180' title='bbox 718 2086 812 2123; x_wconf 90' lang='lat' dir='ltr'><strong>orto</strong></span> <span class='ocrx_word' id='word_1_181' title='bbox 832 2094 1024 2123; x_wconf 89' lang='lat' dir='ltr'><strong>sermone</strong></span> <span class='ocrx_word' id='word_1_182' title='bbox 1044 2077 1298 2135; x_wconf 89' lang='lat' dir='ltr'><strong>quibusdam</strong></span> 
     </span>
    </p>

    <p class='ocr_par' dir='ltr' id='par_1_18' title="bbox 214 2145 1289 2203">
     <span class='ocr_line' id='line_1_32' title="bbox 214 2145 1289 2203; baseline -0.003 -13"><span class='ocrx_word' id='word_1_183' title='bbox 214 2146 298 2190; x_wconf 88' lang='lat' dir='ltr'><strong>Est</strong></span> <span class='ocrx_word' id='word_1_184' title='bbox 316 2146 467 2198; x_wconf 86' lang='lat' dir='ltr'><strong>visum,</strong></span> <span class='ocrx_word' id='word_1_185' title='bbox 490 2146 696 2203; x_wconf 87' lang='lat' dir='ltr'><strong>promptis</strong></span> <span class='ocrx_word' id='word_1_186' title='bbox 714 2161 856 2189; x_wconf 90' lang='lat' dir='ltr'><strong>rerum</strong></span> <span class='ocrx_word' id='word_1_187' title='bbox 875 2145 1111 2202; x_wconf 86' lang='lat' dir='ltr'><strong>perdiscere</strong></span> <span class='ocrx_word' id='word_1_188' title='bbox 1130 2159 1289 2196; x_wconf 84' lang='lat' dir='ltr'><strong>causas,</strong></span> 
     </span>
    </p>

    <p class='ocr_par' dir='ltr' id='par_1_19' title="bbox 213 2207 1455 2336">
     <span class='ocr_line' id='line_1_33' title="bbox 213 2207 1455 2270; baseline -0.003 -14"><span class='ocrx_word' id='word_1_189' title='bbox 213 2212 276 2256; x_wconf 88' lang='lat' dir='ltr'><strong>Et</strong></span> <span class='ocrx_word' id='word_1_190' title='bbox 294 2213 399 2256; x_wconf 90' lang='lat' dir='ltr'><strong>mihi</strong></span> <span class='ocrx_word' id='word_1_191' title='bbox 417 2212 621 2269; x_wconf 84' lang='lat' dir='ltr'><strong>(namque</strong></span> <span class='ocrx_word' id='word_1_192' title='bbox 641 2227 779 2270; x_wconf 84' lang='lat' dir='ltr'><strong>operae</strong></span> <span class='ocrx_word' id='word_1_193' title='bbox 799 2212 984 2269; x_wconf 90' lang='lat' dir='ltr'><strong>pretium</strong></span> <span class='ocrx_word' id='word_1_194' title='bbox 1003 2213 1089 2267; x_wconf 85' lang='lat' dir='ltr'><strong>est)</strong></span> <span class='ocrx_word' id='word_1_195' title='bbox 1111 2226 1162 2254; x_wconf 88' lang='lat' dir='ltr'><strong>ea</strong></span> <span class='ocrx_word' id='word_1_196' title='bbox 1179 2210 1315 2253; x_wconf 84' lang='lat' dir='ltr'><strong>visere</strong></span> <span class='ocrx_word' id='word_1_197' title='bbox 1333 2207 1455 2252; x_wconf 86' lang='lat' dir='ltr'><strong>mira.</strong></span> 
     </span>
     <span class='ocr_line' id='line_1_34' title="bbox 214 2275 1247 2336; baseline -0.004 -13"><span class='ocrx_word' id='word_1_198' title='bbox 214 2279 340 2323; x_wconf 89' lang='lat' dir='ltr'><strong>Anni</strong></span> <span class='ocrx_word' id='word_1_199' title='bbox 358 2286 526 2336; x_wconf 88' lang='lat' dir='ltr'><strong>tempus</strong></span> <span class='ocrx_word' id='word_1_200' title='bbox 546 2287 637 2322; x_wconf 89' lang='lat' dir='ltr'><strong>erat</strong></span> <span class='ocrx_word' id='word_1_201' title='bbox 657 2293 742 2334; x_wconf 94' lang='lat' dir='ltr'><strong>quo</strong></span> <span class='ocrx_word' id='word_1_202' title='bbox 762 2278 890 2321; x_wconf 90' lang='lat' dir='ltr'><strong>tellus</strong></span> <span class='ocrx_word' id='word_1_203' title='bbox 909 2278 1071 2321; x_wconf 87' lang='lat' dir='ltr'><strong>foenora</strong></span> <span class='ocrx_word' id='word_1_204' title='bbox 1089 2275 1218 2320; x_wconf 86' lang='lat' dir='ltr'><strong>solvit</strong></span> <span class='ocrx_word' id='word_1_205' title='bbox 1236 2294 1247 2327; x_wconf 93' lang='lat'>;</span> 
     </span>
    </p>

    <p class='ocr_par' dir='ltr' id='par_1_20' title="bbox 213 2343 1156 2390">
     <span class='ocr_line' id='line_1_35' title="bbox 213 2343 1156 2390; baseline -0.004 0"><span class='ocrx_word' id='word_1_206' title='bbox 213 2346 277 2390; x_wconf 83' lang='lat' dir='ltr'><strong>Et</strong></span> <span class='ocrx_word' id='word_1_207' title='bbox 294 2346 469 2390; x_wconf 84' lang='lat' dir='ltr'><strong>vitrium</strong></span> <span class='ocrx_word' id='word_1_208' title='bbox 488 2345 614 2389; x_wconf 88' lang='lat' dir='ltr'><strong>sectis</strong></span> <span class='ocrx_word' id='word_1_209' title='bbox 633 2345 865 2390; x_wconf 87' lang='lat' dir='ltr'><strong>abstulerat</strong></span> <span class='ocrx_word' id='word_1_210' title='bbox 883 2345 996 2388; x_wconf 89' lang='lat' dir='ltr'><strong>altus</strong></span> <span class='ocrx_word' id='word_1_211' title='bbox 1016 2343 1156 2387; x_wconf 84' lang='lat' dir='ltr'><strong>aristis</strong></span> 
     </span>
    </p>

    <p class='ocr_par' dir='ltr' id='par_1_21' title="bbox 215 2407 1395 2602">
     <span class='ocr_line' id='line_1_36' title="bbox 215 2407 1325 2465; baseline -0.005 -10"><span class='ocrx_word' id='word_1_212' title='bbox 215 2412 318 2455; x_wconf 86' lang='lat' dir='ltr'><strong>Jam</strong></span> <span class='ocrx_word' id='word_1_213' title='bbox 337 2412 524 2456; x_wconf 87' lang='lat' dir='ltr'><strong>Phoebus</strong></span> <span class='ocrx_word' id='word_1_214' title='bbox 542 2427 681 2456; x_wconf 90' lang='lat' dir='ltr'><strong>rorem</strong></span> <span class='ocrx_word' id='word_1_215' title='bbox 700 2427 798 2455; x_wconf 90' lang='lat' dir='ltr'><strong>cum</strong></span> <span class='ocrx_word' id='word_1_216' title='bbox 816 2418 931 2455; x_wconf 90' lang='lat' dir='ltr'><strong>tecto</strong></span> <span class='ocrx_word' id='word_1_217' title='bbox 951 2410 1208 2460; x_wconf 81' lang='lat' dir='ltr'><strong>excedimus,</strong></span> <span class='ocrx_word' id='word_1_218' title='bbox 1230 2407 1325 2465; x_wconf 89' lang='lat' dir='ltr'><strong>ipsi,</strong></span> 
     </span>
     <span class='ocr_line' id='line_1_37' title="bbox 217 2475 1345 2535; baseline -0.004 -15"><span class='ocrx_word' id='word_1_219' title='bbox 217 2477 408 2535; x_wconf 85' lang='lat' dir='ltr'><strong>Duxque</strong></span> <span class='ocrx_word' id='word_1_220' title='bbox 427 2478 520 2530; x_wconf 81' lang='lat' dir='ltr'><strong>viae,</strong></span> <span class='ocrx_word' id='word_1_221' title='bbox 542 2493 772 2534; x_wconf 86' lang='lat' dir='ltr'><strong>servusque</strong></span> <span class='ocrx_word' id='word_1_222' title='bbox 791 2477 886 2535; x_wconf 89' lang='lat' dir='ltr'><strong>(sed</strong></span> <span class='ocrx_word' id='word_1_223' title='bbox 905 2476 976 2520; x_wconf 89' lang='lat' dir='ltr'><strong>ille</strong></span> <span class='ocrx_word' id='word_1_224' title='bbox 996 2475 1198 2523; x_wconf 61' lang='lat' dir='ltr'><strong>vicarius)</strong></span> <span class='ocrx_word' id='word_1_225' title='bbox 1220 2488 1345 2517; x_wconf 90' lang='lat' dir='ltr'><strong>unus.</strong></span> 
     </span>
     <span class='ocr_line' id='line_1_38' title="bbox 217 2540 1395 2602; baseline -0.007 -13"><span class='ocrx_word' id='word_1_226' title='bbox 217 2543 391 2602; x_wconf 80' lang='lat' dir='ltr'><strong>Egressi</strong></span> <span class='ocrx_word' id='word_1_227' title='bbox 409 2544 639 2588; x_wconf 78' lang='lat' dir='ltr'><strong>auferimur</strong></span> <span class='ocrx_word' id='word_1_228' title='bbox 658 2545 804 2602; x_wconf 90' lang='lat' dir='ltr'><strong>portis,</strong></span> <span class='ocrx_word' id='word_1_229' title='bbox 825 2544 1092 2602; x_wconf 87' lang='lat' dir='ltr'><strong>petimusque</strong></span> <span class='ocrx_word' id='word_1_230' title='bbox 1111 2540 1395 2599; x_wconf 83' lang='lat' dir='ltr'><strong>propinquam</strong></span> 
     </span>
    </p>
   </div>
   <div class='ocr_carea' id='block_1_6' title="bbox 131 2606 1405 2668">
    <p class='ocr_par' dir='ltr' id='par_1_22' title="bbox 131 2606 1405 2668">
     <span class='ocr_line' id='line_1_39' title="bbox 131 2606 1405 2668; baseline -0.009 -11"><span class='ocrx_word' id='word_1_231' title='bbox 131 2616 187 2657; x_wconf 88' lang='grc'><strong>90</strong></span> <span class='ocrx_word' id='word_1_232' title='bbox 221 2609 396 2668; x_wconf 71' lang='lat' dir='ltr'><strong>Pildey,</strong></span> <span class='ocrx_word' id='word_1_233' title='bbox 414 2610 513 2654; x_wconf 84' lang='lat' dir='ltr'><strong>dein</strong></span> <span class='ocrx_word' id='word_1_234' title='bbox 533 2610 714 2668; x_wconf 86' lang='lat' dir='ltr'><strong>Hassop,</strong></span> <span class='ocrx_word' id='word_1_235' title='bbox 735 2610 944 2654; x_wconf 86' lang='lat' dir='ltr'><strong>salebroso</strong></span> <span class='ocrx_word' id='word_1_236' title='bbox 962 2608 1144 2652; x_wconf 85' lang='lat' dir='ltr'><strong>tramite.</strong></span> <span class='ocrx_word' id='word_1_237' title='bbox 1208 2606 1405 2649; x_wconf 91' lang='lat' dir='ltr'><strong>Montem</strong></span> 
     </span>
    </p>
   </div>
   <div class='ocr_carea' id='block_1_7' title="bbox 222 2750 1604 2910">
    <p class='ocr_par' dir='ltr' id='par_1_23' title="bbox 222 2750 1604 2910">
     <span class='ocr_line' id='line_1_40' title="bbox 266 2750 1579 2807; baseline -0.011 -9"><span class='ocrx_word' id='word_1_238' title='bbox 266 2760 279 2786; x_wconf 78' lang='lat'>¹</span> <span class='ocrx_word' id='word_1_239' title='bbox 297 2760 543 2797; x_wconf 55' lang='lat' dir='ltr'><strong>&amp;erecturam</strong></span> <span class='ocrx_word' id='word_1_240' title='bbox 557 2761 595 2796; x_wconf 83' lang='lat' dir='ltr'><strong>in</strong></span> <span class='ocrx_word' id='word_1_241' title='bbox 606 2773 692 2807; x_wconf 75' lang='lat' dir='ltr'><strong>agro</strong></span> <span class='ocrx_word' id='word_1_242' title='bbox 703 2761 887 2797; x_wconf 75' lang='lat' dir='ltr'><strong>Derbensi.</strong></span> <span class='ocrx_word' id='word_1_243' title='bbox 982 2759 995 2778; x_wconf 82' lang='lat'>⁸</span> <span class='ocrx_word' id='word_1_244' title='bbox 1012 2759 1202 2795; x_wconf 83' lang='lat' dir='ltr'><strong>Dominam</strong></span> <span class='ocrx_word' id='word_1_245' title='bbox 1216 2759 1354 2793; x_wconf 79' lang='lat' dir='ltr'><strong>Annam</strong></span> <span class='ocrx_word' id='word_1_246' title='bbox 1371 2750 1579 2789; x_wconf 77' lang='lat' dir='ltr'><strong>Cavendish.</strong></span> 
     </span>
     <span class='ocr_line' id='line_1_41' title="bbox 266 2806 1604 2855; baseline -0.01 -2"><span class='ocrx_word' id='word_1_247' title='bbox 266 2809 281 2831; x_wconf 81' lang='lat'>²</span> <span class='ocrx_word' id='word_1_248' title='bbox 294 2816 528 2852; x_wconf 69' lang='lat' dir='ltr'><strong>Christianam</strong></span> <span class='ocrx_word' id='word_1_249' title='bbox 560 2816 781 2853; x_wconf 63' lang='lat' dir='ltr'><strong>Comitiaam</strong></span> <span class='ocrx_word' id='word_1_250' title='bbox 812 2816 882 2853; x_wconf 82' lang='lat' dir='ltr'><strong>De·</strong></span> <span class='ocrx_word' id='word_1_251' title='bbox 974 2817 987 2835; x_wconf 80' lang='lat'>⁴</span> <span class='ocrx_word' id='word_1_252' title='bbox 1003 2813 1237 2855; x_wconf 66' lang='lat' dir='ltr'><strong>Gulielmium,</strong></span> <span class='ocrx_word' id='word_1_253' title='bbox 1282 2821 1379 2846; x_wconf 88' lang='lat' dir='ltr'><strong>nunc</strong></span> <span class='ocrx_word' id='word_1_254' title='bbox 1430 2806 1604 2843; x_wconf 81' lang='lat' dir='ltr'><strong>Comitem</strong></span> 
     </span>
     <span class='ocr_line' id='line_1_42' title="bbox 222 2861 1487 2910; baseline -0.007 -5"><span class='ocrx_word' id='word_1_255' title='bbox 222 2871 341 2907; x_wconf 75' lang='lat' dir='ltr'><strong>voniae.</strong></span> <span class='ocrx_word' id='word_1_256' title='bbox 936 2869 1112 2910; x_wconf 64' lang='lat' dir='ltr'><strong>Devonioe„</strong></span> <span class='ocrx_word' id='word_1_257' title='bbox 1133 2878 1214 2903; x_wconf 85' lang='lat' dir='ltr'><strong>eum</strong></span> <span class='ocrx_word' id='word_1_258' title='bbox 1232 2865 1336 2901; x_wconf 76' lang='lat' dir='ltr'><strong>fratre</strong></span> <span class='ocrx_word' id='word_1_259' title='bbox 1351 2861 1487 2899; x_wconf 72' lang='lat' dir='ltr'><strong>Catulo.</strong></span> 
     </span>
    </p>
   </div>
  </div>
 </body>
</html>
