1982 3204
282 226 383 268 346
905 241 1207 276 PRAEFA'rio.

285 359 311 378 “
332 360 476 397 nostra
490 355 759 400 damnamus:
793 365 837 401 et
857 360 1096 404 mordentes
1117 361 1311 412 invicem,
1327 363 1417 419 jam
1437 364 1649 420 absumpti
1670 380 1816 409 sumus

283 439 309 459 “
329 436 382 478 ab
403 434 741 480 invicem”.—Et
760 438 939 495 ipsemet
961 439 1265 484 Constantinus
1295 456 1423 497 quam
1451 442 1701 487 dissentiens
1731 443 1816 487 fuit

279 530 304 557 a
334 515 461 558 sacris
490 515 618 573 hujus
648 519 850 575 temporis
880 519 996 570 rixis,
1020 527 1063 563 et
1094 536 1222 576 quam
1251 536 1365 578 aegre
1395 522 1497 565 tulit
1523 523 1814 567 Graeculorum

277 593 508 637 altercandi
537 594 770 652 ingenium,
792 596 919 641 index
951 599 1007 641 sit
1036 599 1108 642 illa
1137 600 1190 642 ad
1211 600 1506 644 Alexandrum
1533 609 1612 646 etc.
1635 603 1814 660 epistola

277 674 387 730 apud
411 674 681 718 Eusebium¹:
714 677 788 720 ubi
809 677 924 720 dolet
953 694 1029 735 pro
1059 679 1200 736 parvis
1231 687 1275 723 et
1303 681 1424 724 valde
1454 682 1631 726 modicis
1660 683 1810 735 causis,

274 761 448 811 propter
467 755 691 799 leviculam
713 758 1001 813 quaestionem,
1023 766 1196 816 propter
1226 776 1356 817 parva
1375 767 1420 803 et
1439 777 1549 804 vana
1568 777 1809 806 sermonum

270 836 516 888 certamina,
547 837 715 882 inanem
745 841 971 882 verborum
1001 841 1240 898 strepitum,
1272 842 1544 895 subtilitates,
1566 843 1807 896 futilitates,

272 916 486 961 infantum
502 918 734 970 fatuitates,
751 919 904 964 fratres
924 921 1126 965 fratribus
1143 922 1364 974 committi,
1382 930 1427 967 et
1442 923 1494 967 ad
1515 925 1808 969 necessitatem

272 996 543 1054 blasphemiae
564 1005 639 1042 aut
659 999 895 1043 schismatis
915 1000 1090 1057 impelli.

331 1077 402 1120 Ad
423 1078 567 1122 eadem
589 1079 775 1122 concinit
801 1079 914 1123 inter
935 1080 1174 1124 Catholicos
1194 1081 1317 1125 istius
1338 1082 1479 1125 saeculi
1499 1089 1645 1139 poetas
1667 1083 1807 1128 Aure-

269 1156 352 1200 lius
372 1157 655 1202 Prudentius:

644 1299 766 1334 Fidem
784 1299 929 1334 minutis
947 1299 1121 1335 dissecant
1139 1301 1358 1347 ambagibus,

689 1362 740 1396 Ut
756 1363 903 1408 quisque
920 1362 1045 1408 lingua
1062 1369 1112 1397 est
1129 1363 1285 1408 nequior.

638 1425 787 1460 Solvunt
800 1425 981 1471 ligantque
1007 1427 1244 1471 quaestionum
1263 1427 1404 1462 vincula

685 1489 753 1524 Per
768 1489 984 1535 syllogismos
1001 1490 1166 1536 plectiles.

637 1552 699 1587 Vae
717 1553 878 1598 captiosis
896 1553 1190 1599 sycophantarum
1208 1554 1377 1600 strophis!

685 1617 749 1651 Vae
766 1617 935 1663 versipelli
954 1618 1110 1653 astutiae!

636 1680 758 1715 Nodos
774 1686 911 1716 tenaces
928 1686 1019 1716 recta
1036 1681 1168 1728 rumpit
1184 1682 1318 1728 regula,

684 1744 817 1780 Infesta
833 1745 1107 1781 dissertantibus.

637 1807 772 1843 Idcirco
788 1808 914 1843 mundi
931 1809 1038 1844 stulta
1055 1808 1185 1854 delegit
1202 1809 1311 1854 Deus,

682 1871 733 1906 Ut
746 1871 932 1908 concidant
955 1871 1163 1919 sophisticaff.

261 1999 496 2058 Utcunque
517 2006 660 2044 autem
680 2001 793 2044 illius
824 2001 967 2044 saeculi
986 2008 1136 2059 poetae,
1159 2016 1317 2045 novum
1347 2001 1649 2058 prospicientes
1678 2016 1792 2046 cam-

257 2098 373 2140 pum,
394 2082 439 2124 in
459 2097 630 2125 arenam
650 2081 911 2125 descendunt
931 2082 1109 2125 fervidi:
1141 2097 1226 2125 non
1244 2082 1334 2138 jam
1357 2081 1653 2139 Laestrygonas
1675 2081 1791 2125 Har-

256 2178 447 2221 pyasque
477 2169 690 2219 premunt,
722 2169 1013 2219 aucupantur:
1057 2162 1130 2206 sed
1168 2162 1488 2214 Monothelitas,
1526 2162 1788 2207 Pneumato·

256 2243 439 2294 machos,
472 2242 849 2287 Homuncionistas
878 2243 1010 2299 (nova
1038 2242 1246 2300 monstra)
1272 2242 1492 2286 haereticos
1522 2249 1613 2286 toto
1643 2243 1787 2288 Marte

256 2324 519 2369 confodiunt.

313 2404 375 2448 Et
404 2419 532 2461 quam
562 2403 684 2447 avide
713 2403 872 2460 ubique
903 2409 1120 2446 sectantur
1149 2402 1374 2460 aenigmata
1402 2402 1475 2446 illa
1504 2419 1633 2455 sacra,
1662 2405 1785 2450 oidi-

254 2485 384 2542 podas
404 2499 528 2542 agere
559 2482 783 2527 delectati!
843 2482 971 2526 Nova
999 2482 1298 2540 mysteriorum
1329 2490 1472 2541 segete
1501 2484 1780 2537 luxuriantes,

254 2570 299 2608 et
332 2562 502 2607 insolito
536 2561 805 2606 coeeutientes
843 2562 1017 2613 lumine,
1057 2561 1234 2605 mirifico
1273 2562 1374 2606 alite
1413 2563 1573 2607 aethera
1610 2571 1779 2622 petunt.

300 2773 309 2792 ¹
328 2771 400 2819 [De
412 2771 482 2806 vita
497 2770 727 2806 Constantini.
743 2770 803 2805 lib.
820 2770 854 2804 ii.
874 2769 992 2804 Eusn-
1084 2769 1098 2790 ²
1124 2770 1273 2817 [Aurelii
1315 2770 1495 2806 Prudentii
1532 2773 1779 2819 Ammaous,

254 2846 304 2871 ΒΗ
324 2835 480 2871 Εεοιεε.
500 2833 605 2870 Hisr.
619 2833 676 2869 sol.
694 2836 794 2869 1570.
807 2845 839 2881 p.
854 2832 986 2877 1557]
1038 2833 1200 2880 Hymnus
1216 2835 1253 2869 in
1271 2834 1443 2881 Infideles.
1460 2834 1596 2880 3343]
