1982 3204
549 306 660 340 Lux
689 303 1114 338 mxu-nmmum.
1433 294 1516 337 111

128 425 210 466 ωε
247 416 538 466 ostendere.
576 417 663 466 sed
703 423 899 480 sumpta
938 430 997 463 ex
1046 412 1283 461 Hobbesii
1331 412 1526 460 tabellis
1543 430 1808 458 cosm-noven-

131 493 322 542 somnio
364 510 452 542 suo
492 493 797 557 subscripsit,
844 500 901 539 ut
945 506 976 539 a
1020 505 1071 538 se
1113 490 1315 537 inventa
1360 488 1528 536 crede·
1599 486 1663 511 ⁵¹¹¹
1685 485 1743 511 ¹¹¹·

131 576 322 617 rentur

202 645 499 701 Hobbesius,
524 661 631 708 cap.
656 643 768 691 xvii.
805 650 897 691 art.
922 648 970 700 2,
995 650 1052 689 ut
1079 641 1349 703 figurarum
1376 638 1530 686 dicta-

135 736 245 769 rum
268 720 332 769 ad
355 737 443 769 sua
460 719 745 782 rectangula
762 718 977 767 rationes
995 716 1281 780 explicaret,
1300 714 1531 776 supponit

135 795 294 844 latera
315 795 587 859 rectanguli
611 794 791 857 angulo
815 802 952 841 recto
972 790 1250 855 adjacentia
1268 789 1451 837 moveri
1470 789 1532 836 ad

134 869 293 919 latera
314 870 407 919 sibi
430 870 654 934 opposita
669 868 946 932 parallelais,
966 876 1189 930 tempore
1208 873 1258 913 et
1272 865 1531 928 velocitate,

133 945 428 995 habentibus
465 946 595 993 inter
631 960 683 992 se
723 944 965 992 rationem
1009 941 1277 1006 quamlibet
1316 940 1532 987 numeris

130 1021 390 1070 effabilem.
452 1020 565 1069 Quo
591 1019 859 1083 supposito,
878 1017 1139 1066 deducitur
1157 1015 1221 1064 ad
1244 1015 1534 1079 propositio-

135 1112 249 1145 nem
272 1095 610 1153 universalem,
635 1110 811 1158 nempe
835 1094 996 1141 hanc:
1040 1092 1100 1141 Si
1136 1089 1423 1155 reetanguli
1458 1089 1533 1137 la-

137 1177 219 1221 tus
240 1170 477 1219 utrumvis
500 1186 668 1218 versus
692 1169 826 1217 latus
849 1168 947 1216 sibi
969 1166 1248 1232 oppositum
1283 1172 1535 1214 moveatur

129 1244 437 1313 parallelas,
465 1250 716 1310 perpetuo
739 1244 1027 1292 decrescens
1051 1242 1206 1290 donec
1233 1241 1284 1289 in
1301 1247 1535 1304 punctum

133 1327 412 1380 evanescat,
449 1320 593 1384 idque
615 1319 878 1368 secundum
901 1318 1147 1367 rationum
1170 1317 1415 1365 rationem
1439 1316 1533 1364 ali-

132 1413 282 1463 quam
303 1396 519 1445 numeris
550 1394 920 1460 explicabilem,
945 1400 999 1442 ut
1023 1392 1280 1458 aequalem,
1306 1391 1534 1456 duplica·
1560 1418 1566 1422 s

134 1479 253 1531 tam,
288 1471 613 1537 triplicatam,
644 1476 739 1519 ete.
756 1489 774 1518 .·
792 1471 979 1535 figura
1015 1485 1072 1517 eo
1111 1473 1240 1516 mota
1279 1467 1535 1532 descripta

135 1547 238 1596 erit
259 1546 332 1596 ad
350 1546 759 1612 complementum,
785 1545 843 1594 id
863 1551 957 1604 est,
981 1544 1054 1592 ad
1073 1543 1323 1591 residuum
1344 1548 1537 1590 rectan-

132 1622 264 1689 guli,
288 1622 338 1671 in
361 1622 532 1671 eadem
555 1621 751 1670 ratione
773 1637 920 1686 quam
943 1619 1126 1668 habent
1160 1619 1292 1667 inter
1324 1634 1378 1665 se
1412 1618 1535 1682 ipsoe

133 1698 376 1757 ratione-5,
407 1713 592 1762 nempe,
627 1696 817 1755 eadem,
848 1695 928 1744 vel
957 1694 1235 1760 duplicata,
1263 1694 1340 1742 vel
1368 1693 1536 1759 tripli-

131 1780 276 1833 cata,
300 1779 396 1822 ete.

206 1848 572 1898 Demonstratio
595 1854 731 1896 extat
753 1862 866 1895 cum
890 1845 1056 1895 multis
1078 1846 1264 1910 figuris,
1296 1861 1406 1909 quae
1436 1861 1536 1892 non

137 1940 336 1975 necesse
373 1933 447 1973 est
481 1932 538 1972 ut
573 1924 670 1972 hoc
706 1923 816 1971 loco
856 1931 1157 1986 repetantur.
1226 1922 1417 1985 Legunt
1454 1920 1537 1983 qui

139 2000 383 2050 dubitant.
453 1999 565 2063 Ipse
590 1999 722 2048 illam
759 1999 944 2063 legem,
980 1998 1253 2062 legitimam
1284 1997 1534 2060 judicavi:

138 2076 255 2133 imo,
277 2091 378 2124 non
402 2074 655 2139 indignam
679 2090 790 2139 quae
807 2074 1073 2122 haberetur
1095 2089 1186 2137 pro
1209 2073 1469 2121 axiomate.

206 2151 387 2200 Nonne
422 2150 518 2199 hoc
540 2150 718 2209 sciunt,
741 2149 826 2214 qui
861 2148 1113 2197 mercandi
1137 2164 1284 2197 causa
1308 2148 1539 2212 pecunias

141 2235 432 2290 congerunt,
455 2226 548 2274 etsi
579 2242 643 2274 ne
677 2240 857 2274 nomen
881 2223 1078 2288 quidem
1117 2224 1336 2272 Euclidis
1371 2223 1539 2271 audie-

142 2310 273 2362 rant,
294 2300 663 2366 negotiatores?
721 2300 900 2349 Nonne
924 2299 1084 2348 sciunt
1107 2299 1290 2348 lumine
1309 2298 1537 2357 naturali,

135 2393 205 2427 ex
248 2377 442 2426 ratione
480 2376 775 2425 contributae
810 2374 1034 2439 pecuniae
1071 2382 1305 2438 quantam
1344 2381 1537 2438 partem

139 2451 266 2502 lucri
289 2452 391 2501 sive
413 2450 637 2517 pecuniae
669 2450 1006 2514 multiplicatae
1040 2449 1288 2512 postulare
1324 2447 1538 2497 debent?

131 2527 360 2577 -Ponatur
381 2527 513 2577 enim
534 2543 625 2592 pro
648 2526 858 2591 pecunia
880 2525 1164 2574 contributa
1185 2541 1216 2573 a
1239 2525 1429 2573 duobus
1452 2540 1538 2572 ne-

141 2603 469 2667 gotiatoribus
493 2602 835 2666 rectangulum
859 2603 918 2650 A.
991 2601 1045 2649 Si
1062 2616 1180 2665 ergo
1197 2600 1406 2665 aequalia
1424 2616 1539 2648 con-

142 2677 434 2737 tribuerant,
448 2686 657 2742 uterque
679 2677 1018 2741 multiplicatae
1039 2677 1261 2740 pecuniae
1283 2674 1539 2724 dimidium

135 2753 380 2817 petiisset,
402 2753 456 2802 id
478 2762 570 2813 est,
593 2769 622 2802 e
653 2752 940 2816 rectangulo
965 2752 1009 2799 A
1034 2751 1335 2816 triangulum
1372 2750 1537 2799 altitu-

144 2827 276 2877 dinis
297 2836 349 2877 et
368 2828 498 2877 basis
516 2828 737 2893 ejusdem
761 2844 875 2877 cum
897 2827 1020 2891 ipso.

214 2902 416 2962 Rursus,
439 2902 482 2951 si
503 2902 630 2951 alter
651 2901 997 2952 contribuisset
1020 2908 1076 2950 ut
1100 2907 1147 2959 2,
1171 2900 1296 2949 alter
1313 2909 1370 2948 ut
1399 2906 1440 2957 1,
1464 2897 1535 2945 di-
