1982 3204
586 310 696 344 nux
725 309 1148 363 ΜΑΤΗΕΜΛἮΕᾼ.
1466 305 1555 348 149

167 420 449 478 absurdum,
474 422 559 469 sed
584 430 638 469 ut
669 420 955 469 miraculum
980 421 1224 484 quoddam
1258 425 1553 484 geometriae,
1572 445 1626 471 An
1640 444 1843 471 merenas

171 497 499 560 quantitatem
524 497 762 545 minorem
797 496 1030 544 continuo
1054 505 1202 544 auctu
1226 497 1370 545 aliam
1401 501 1554 563 majo-
1583 498 1830 552 ⁶⁰⁸⁰⁸¹T¹9⁰

166 587 269 620 rem
289 587 518 635 superare
539 588 698 635 posse,
717 587 911 635 aequare
931 579 1092 619 tamen
1112 587 1210 619 non
1229 588 1398 635 posse:
1423 575 1553 637 quod

165 655 243 696 est
267 656 441 696 contra
465 647 628 695 lumen
644 656 834 695 naturae
854 646 1206 694 immediatum,
1254 648 1370 696 Erat
1389 658 1551 698 tamen

166 723 362 771 Clavius
384 731 634 786 geometra
657 739 755 771 non
780 722 1020 770 indoctus.
1094 722 1190 770 Sed
1214 732 1270 770 ut
1293 733 1406 771 sunt
1431 725 1552 773 adeo

166 798 371 847 excelsae
405 798 641 846 doctrinae
675 797 914 861 quaedam,
950 797 1019 845 ita
1053 798 1199 845 etiam
1235 807 1349 846 sunt
1384 799 1554 861 deliria

165 873 329 938 aliqua
364 874 434 922 ita
468 889 661 937 magna,
694 881 749 920 ut
785 873 919 920 credi
949 873 1043 921 nisi
1079 874 1423 937 magistrorum
1460 866 1551 939 offla

165 964 416 1013 nunquam
459 948 663 1012 possint.
735 948 914 996 Nonne
956 949 1282 1012 professorem
1329 960 1552 999 nostrum

164 1025 300 1089 prius
329 1024 584 1090 opportuit
617 1024 950 1072 considerasse
982 1033 1206 1073 naturam
1239 1027 1421 1090 anguli,
1446 1035 1552 1075 tum

164 1100 404 1149 rectilinei
428 1107 531 1147 tum
568 1099 896 1162 contigentiae,
923 1109 1089 1148 utrum
1125 1102 1247 1148 bene
1280 1101 1468 1150 definiti
1503 1111 1553 1152 et

164 1175 383 1240 ejusdem
397 1175 592 1239 generis
607 1184 785 1234 essent,
801 1192 946 1239 quam
964 1176 1263 1225 authoritate
1283 1177 1436 1226 Clavii
1451 1186 1553 1227 tam

165 1250 434 1300 absurdum
458 1250 638 1314 dogma
660 1250 908 1298 docuisse?

231 1326 434 1384 Rursus,
459 1325 591 1389 quod
614 1342 846 1374 numerus
880 1327 1119 1375 linearum
1156 1328 1205 1376 in
1231 1328 1443 1392 seipsum
1475 1331 1553 1379 vel

163 1401 312 1450 alium
350 1418 610 1450 numerum
649 1402 887 1451 linearum
929 1403 1281 1467 multiplicatus
1326 1398 1569 1468 producit*

164 1477 488 1542 superficiem,
508 1493 671 1526 nonne
696 1485 770 1526 est
793 1486 964 1526 contra
987 1478 1151 1526 lumen
1167 1480 1383 1528 naturae?
1420 1481 1553 1530 Quid

164 1559 241 1601 est
275 1552 424 1611 aliud,
448 1553 790 1617 multiplicatio
815 1553 984 1601 decem
1021 1554 1259 1602 linearum
1300 1556 1350 1603 in
1382 1555 1552 1604 decem

164 1628 335 1687 lineas,
359 1644 504 1692 quam
529 1628 698 1677 decem
732 1629 886 1677 lineas
911 1629 1072 1677 decies
1109 1646 1365 1679 numerare
1386 1632 1403 1679 ?
1472 1634 1551 1680 An

164 1703 383 1752 dicemus
408 1703 554 1752 linies
589 1704 768 1752 lineam
791 1705 1063 1768 producere
1087 1706 1274 1769 aliquid
1294 1706 1311 1754 Ρ
1380 1707 1551 1756 Indoc-

163 1787 246 1828 tus
275 1795 435 1837 nemo,
459 1779 552 1828 etsi
584 1795 699 1828 oves
736 1796 846 1828 suas
880 1781 1056 1844 saepius
1091 1790 1331 1841 numerat,
1356 1798 1552 1846 sperare

163 1863 329 1918 potest
350 1863 404 1903 ut
428 1854 497 1903 sic
521 1863 787 1903 numeratae
804 1863 994 1903 mutent
1018 1857 1227 1920 speciem
1253 1865 1303 1906 et
1324 1859 1445 1906 fiant
1468 1859 1551 1907 bo-

165 1946 264 1979 ves.
334 1930 451 1979 Non
475 1939 591 1979 sunt
613 1931 719 1978 haec
743 1931 955 1991 subtilia,
980 1931 1067 1979 sed
1090 1933 1315 1981 absurda.
1388 1934 1553 1983 Quan-

164 2021 311 2069 quam
333 2005 665 2069 Oughtredus,
684 2006 844 2064 Vieta,
870 2006 1304 2070 Regiomontanus,
1324 2009 1554 2073 Coperni-

164 2096 267 2142 cns,
305 2088 355 2130 et
392 2081 496 2144 ipse
536 2081 684 2128 semel
724 2081 1044 2131 Archimedes
1088 2083 1244 2133 latera
1287 2086 1555 2149 figurarum

162 2155 347 2205 frustra
385 2156 603 2204 numeris
643 2157 887 2220 explicare
927 2166 1270 2209 tentaverunt:
1305 2177 1554 2225 nunquam

163 2239 330 2281 tamen
353 2232 627 2281 docuerunt
651 2233 867 2281 radicem
891 2235 1082 2283 numeri
1106 2251 1212 2284 esse
1235 2237 1403 2299 figurae
1436 2253 1554 2300 qua-

165 2307 320 2357 dratae
341 2308 485 2366 latus,
508 2324 601 2356 nec
636 2309 958 2372 geometriam
998 2310 1290 2374 dependere,
1313 2320 1370 2360 ut
1409 2312 1555 2361 docet

163 2383 427 2443 Wallisius,
450 2384 514 2432 ab
537 2384 861 2444 arithmetica,
877 2401 1037 2450 neque
1055 2403 1313 2435 numerum
1338 2403 1442 2436 esse
1456 2405 1553 2452 quo

164 2459 288 2509 nihil
310 2467 608 2508 numeratur.

232 2535 499 2594 Postremo,
525 2535 644 2599 quid
674 2544 776 2584 tam
799 2544 972 2586 contra
1008 2537 1173 2586 lumen
1200 2538 1422 2587 naturale
1462 2539 1552 2587 im-

167 2609 432 2659 mediatum
456 2626 560 2659 esse
577 2619 740 2675 potest
762 2619 849 2660 aut
871 2612 1156 2672 absurdum,
1183 2630 1330 2678 quam
1354 2614 1404 2662 in
1429 2615 1553 2663 serie

168 2694 459 2750 quantorum
483 2686 677 2735 infinita
699 2686 870 2735 datum
889 2688 1052 2737 dicere
1076 2705 1181 2737 esse
1194 2690 1442 2738 ultimum:
1468 2698 1554 2737 aut

167 2760 220 2808 in
242 2759 437 2823 publico
459 2761 734 2824 professore
757 2763 1009 2826 puerilius,
1035 2780 1181 2827 quam
1204 2781 1292 2828 per
1315 2764 1552 2827 infinitum

167 2835 441 2898 intelligere
475 2851 527 2884 se
563 2836 726 2885 dicere
764 2838 1065 2900 indefinitum
1096 2848 1182 2887 aut
1210 2846 1444 2903 quantum
1479 2845 1554 2886 est

162 2909 422 2976 possibile,
445 2926 557 2959 cum
580 2912 621 2960 si
645 2912 714 2962 sic
737 2911 953 2973 dixisset,
979 2913 1029 2961 id
1061 2914 1191 2976 quod
1220 2914 1552 2963 demonstrare
