1982 3204
120 392 230 418 PROP.
254 392 342 418 xm.

133 441 306 459 κ-ω-ν-,υ

377 253 471 295 244
776 262 1092 297 TRAc'rA'rUs
1126 262 1376 297 oPTlcUS.

377 374 503 422 GBF
527 374 766 422 diametro
806 376 1132 424 constituatur
1167 375 1378 423 circulus
1413 375 1604 433 GHFE,
1630 376 1768 438 cujus

378 459 601 498 centrum
627 451 681 498 B.
754 452 828 499 Sit
852 459 1013 499 autem
1037 451 1168 514 quod
1193 458 1265 498 est
1290 466 1435 513 supra
1459 450 1767 509 diametrum,

378 527 592 574 medium
632 543 810 582 rarum,
836 527 967 591 quod
1004 534 1076 574 est
1119 527 1248 574 infra
1288 527 1523 581 densum;
1562 525 1771 573 ducatur

378 602 463 649 AC
486 618 575 665 per
599 611 822 650 centrum
847 604 896 650 in
922 603 1100 665 angulo
1126 617 1415 665 quocunque
1440 601 1770 650 inclinationis

378 677 493 724 dato
519 678 657 725 ΑΒΗ
688 678 738 724 in
778 678 937 726 medio
963 694 1090 733 raro,
1116 678 1195 724 cui
1220 677 1420 740 aequalis
1455 685 1529 724 est
1563 677 1770 739 angulus

378 753 502 800 CBE
528 754 575 800 in
601 753 762 800 medio
787 754 968 809 denso;
1008 761 1055 800 et
1080 754 1212 801 sinus
1238 752 1404 815 anguli
1439 752 1770 800 inclinationis

378 837 451 876 est
475 829 572 876 MA
599 829 675 876 vel
702 829 802 876 OC.
871 830 981 877 Jam
1015 845 1345 892 supponamus
1371 827 1560 875 radium
1581 828 1668 875 AB
1695 844 1769 875 ve·

377 905 593 952 nientem
618 922 643 951 e
668 921 779 952 raro
815 905 865 951 in
898 904 1118 962 densum,

380 982 582 1043 refringi
606 981 660 1028 in⁴
681 980 870 1027 radium
898 981 999 1040 BD,
1027 982 1119 1028 hoc

379 1065 467 1114 est,
525 1071 693 1103 versus
751 1055 1121 1119 perpendicula-

378 1148 498 1189 rem,
524 1140 790 1193 utcunque.
840 1131 985 1179 Sinus
1005 1147 1122 1193 ergo

379 1208 545 1270 anguli
578 1206 775 1254 refracti
800 1206 848 1253 in
875 1206 1024 1254 denso
1050 1214 1124 1253 est
1165 1257 1180 1272 ‹.

379 1284 473 1331 DR
506 1283 654 1330 ducta
678 1298 707 1328 a
731 1281 1126 1329 circumferentia

379 1361 430 1407 in
468 1360 512 1407 D
554 1357 1023 1422 perpendiculariter
1063 1358 1125 1405 ad

382 1435 481 1492 BE,
507 1442 555 1481 et
582 1434 696 1481 huic
721 1433 920 1496 aequalis
945 1442 1018 1481 est
1045 1433 1124 1481 LI.

380 1512 580 1569 Rursus,
593 1526 921 1573 supponamus
936 1509 1128 1557 radium

379 1588 657 1634 venientem
681 1602 709 1632 a
730 1585 890 1633 medio
910 1586 1060 1632 denso
1077 1586 1128 1632 in

377 1679 541 1710 rarum
583 1660 852 1709 secundum
894 1660 1262 1708 inclinationem
1298 1674 1442 1722 quam
1482 1657 1631 1705 habet
1667 1656 1771 1717 DB,

380 1739 473 1786 erit
507 1738 588 1785 ille
611 1737 775 1784 radius
811 1736 1052 1783 refractus
1085 1736 1137 1783 in
1171 1734 1332 1782 medio
1365 1749 1477 1781 raro
1503 1733 1566 1781 ad
1592 1733 1693 1789 BA,
1717 1741 1774 1781 ut

381 1823 629 1862 ostensum
666 1820 738 1860 est
773 1828 913 1875 prop.
935 1817 1009 1860 10.
1079 1811 1143 1858 Et
1185 1810 1496 1857 manifestum
1537 1809 1654 1856 satis
1699 1816 1774 1856 est

379 1905 467 1952 per
493 1905 569 1936 se:
605 1888 775 1935 eadem
811 1888 940 1935 enim
975 1893 1046 1935 est
1070 1888 1149 1934 via
1173 1903 1203 1934 a
1225 1886 1270 1933 D
1302 1902 1390 1949 per
1428 1885 1467 1932 B
1492 1884 1555 1932 ad
1583 1884 1640 1942 A,
1665 1899 1774 1947 quae

382 1971 487 2011 erat
523 1973 637 2011 ante
662 1963 722 2010 ab
748 1963 792 2010 A
813 1978 902 2026 per
927 1962 967 2010 B
992 1962 1053 2009 ad
1079 1962 1138 2019 D,
1165 1962 1292 2009 sicut
1328 1960 1507 2008 Thebis
1528 1959 1773 2017 Athenas,

382 2048 433 2087 et
458 2039 663 2087 Athenis
695 2038 918 2086 Thebas:
956 2046 1005 2085 et
1045 2037 1252 2101 angulus
1292 2036 1532 2084 refractus
1571 2035 1622 2083 in
1662 2050 1774 2083 raro

383 2115 523 2163 ABH
549 2116 686 2177 cujus
721 2114 854 2161 sinus
891 2121 966 2161 est
1003 2113 1120 2168 MA,
1144 2112 1274 2160 idem
1312 2128 1423 2159 cum
1460 2111 1570 2158 sinu
1607 2110 1774 2173 anguli

383 2190 715 2238 inclinationis
756 2189 879 2236 radii
920 2189 1003 2252 qui
1039 2188 1267 2236 veniebat
1303 2204 1330 2235 e
1374 2186 1535 2234 medio
1572 2202 1683 2233 raro
1724 2186 1774 2233 in

385 2267 606 2314 densum.
679 2264 729 2312 Si
755 2264 931 2312 deinde
953 2265 1055 2322 fiat,
1081 2273 1136 2311 ut
1160 2263 1253 2311 DR
1275 2263 1409 2311 sinus
1437 2261 1603 2325 anguli
1635 2260 1775 2308 incli-

384 2341 598 2390 nationis
622 2340 860 2387 venientis
894 2339 1018 2387 radii
1042 2355 1071 2386 a
1094 2339 1138 2386 D
1162 2338 1224 2386 ad
1250 2338 1290 2385 B
1322 2338 1370 2385 in
1397 2337 1563 2394 denso,
1587 2337 1650 2384 ad
1674 2337 1776 2384 MA

387 2417 546 2465 sinum
571 2416 738 2479 anguli
767 2416 871 2477 ejus
894 2414 1092 2462 refracti
1116 2414 1167 2461 in
1201 2429 1330 2471 raro,
1354 2413 1424 2460 ita
1454 2412 1537 2460 CO
1564 2411 1639 2459 vel
1674 2411 1775 2459 MA

387 2494 521 2541 sinus
545 2491 711 2555 anguli
748 2490 1077 2538 inclinationis
1101 2489 1230 2537 datae
1253 2489 1316 2536 ad
1339 2488 1485 2545 aliud,
1509 2495 1629 2550 puta
1653 2488 1775 2535 NK:

387 2569 482 2616 erit
508 2567 603 2614 NK
628 2566 762 2613 sinus
786 2565 952 2628 anguli
971 2564 1167 2612 refracti
1190 2564 1240 2611 in
1265 2580 1392 2621 ram,
1407 2563 1532 2611 radii
1555 2563 1777 2611 inclinati

387 2645 437 2692 in
464 2643 615 2691 denso
648 2641 914 2689 secundum
948 2640 1182 2703 angulum
1211 2639 1379 2687 datum
1406 2639 1546 2696 CBE,
1576 2638 1671 2687 hoc
1703 2646 1777 2687 est

387 2719 544 2767 ABH.
613 2717 758 2775 Nam,
783 2732 870 2780 per
893 2715 1246 2772 duodecimam,
1271 2722 1326 2762 ut
1351 2714 1486 2762 sinus
1510 2713 1677 2777 anguli
1706 2713 1776 2761 in-

388 2793 663 2843 clinationis
686 2793 830 2841 unius
863 2791 924 2839 ad
962 2792 1121 2840 sinum
1159 2790 1326 2854 anguli
1362 2790 1412 2837 in
1450 2789 1533 2838 illa
1571 2789 1776 2837 inclina-
