1982 3204
580 300 690 335 Lux
718 297 1140 333 MATnssMATmA.
1464 286 1552 331 135

163 426 197 459 a
216 418 402 475 puncto
424 411 464 459 C
483 426 650 460 versus
671 411 712 459 B
731 419 867 459 recta
880 408 1103 473 quaedam
1127 408 1328 472 aequalis
1354 409 1452 468 BE,
1470 409 1553 458 illa
1570 426 1835 453 commvn-

163 486 259 534 erit
284 486 376 534 Cc:
413 495 463 535 et
486 486 676 551 reliqua
697 486 783 544 cB,
808 485 1008 549 aequalis
1033 485 1133 531 ΟΕ.
1622 479 1687 506 ⁸¹⁴⁴
1709 480 1796 534 ω’,

230 562 304 610 Ex
328 562 421 610 hac
453 562 868 611 demonstratione
901 560 1214 609 manifestum
1250 567 1339 618 est,
1367 568 1551 607 rectam

162 652 273 701 quae
304 637 504 700 aequalis
539 638 603 685 sit
633 637 834 685 dimidio
866 636 1002 684 arcui
1029 634 1331 699 quadrantis,
1364 650 1467 683 esse
1491 651 1552 683 ex

163 712 354 760 duabus
372 713 543 761 mediis
558 713 689 761 inter
702 712 893 760 radium
908 720 958 759 et
972 711 1285 759 semiradium
1301 712 1550 774 majorem.

162 787 428 836 Ostensum
468 788 599 836 enim
635 797 710 836 est
746 787 810 836 ad
864 787 1091 837 Controv.
1116 786 1182 844 ix,
1226 786 1552 834 differentiam

162 862 292 912 inter
324 863 516 911 radium
552 872 603 911 et
633 862 1082 926 semidiagonalem,
1116 877 1228 924 qnae
1259 861 1552 925 semidiagg-

162 937 288 987 nalis
310 938 472 986 media
493 945 570 986 est
591 937 719 986 inter
741 938 933 986 radium
957 947 1009 986 et
1039 937 1370 992 semiradium,
1394 953 1553 1000 aequa-

161 1013 260 1062 lem
275 1029 380 1062 oese
398 1012 612 1061 dimidiae
630 1013 855 1077 tangenti
876 1019 941 1062 30
959 1012 1217 1077 graduum.
1254 1012 1379 1060 Cum
1402 1012 1554 1076 igitur

160 1104 305 1138 arens
355 1089 639 1154 quadrantis
692 1098 917 1138 ostensus
972 1090 1035 1137 sit
1075 1088 1274 1153 aequalis
1318 1088 1456 1136 radio
1503 1096 1554 1137 et

160 1165 382 1228 tangenti
410 1170 474 1214 30
496 1164 739 1228 graduum
773 1164 918 1213 simul
952 1165 1176 1228 sumptis,
1201 1164 1415 1212 semissis
1448 1165 1553 1228 ejus

160 1240 360 1305 aequalis
389 1241 483 1288 erit
511 1239 770 1288 semiradio
800 1248 850 1288 et
880 1240 1169 1288 differentiae
1198 1240 1328 1288 inter
1361 1239 1553 1288 radium

156 1325 213 1365 et
225 1316 655 1380 semidiagonalem
681 1335 693 1364 z
716 1323 766 1365 et
783 1332 871 1380 per
890 1331 1210 1379 consequens,
1227 1315 1553 1364 differentiam

157 1393 291 1442 inter
307 1393 498 1441 radium
516 1401 568 1440 et
590 1392 839 1440 semissem
856 1408 999 1440 arcus
1015 1391 1302 1455 quadrantis
1316 1391 1568 1454 aequalems

161 1484 267 1517 esse
275 1468 563 1516 differentiae
577 1467 624 1515 in
629 1475 705 1516 ter
714 1467 1145 1530 semidiagonalem
1154 1475 1205 1515 et
1220 1466 1550 1514 semiradium.

228 1543 500 1592 Ostendam
518 1543 751 1601 secundo,
766 1558 825 1590 ex
842 1543 1211 1591 constructione
1227 1542 1286 1589 H
1285 1541 1553 1590 obbesiana

160 1617 226 1667 ad
258 1634 365 1683 cap.
388 1618 490 1667 xxii
525 1618 638 1666 libri
674 1617 754 1666 De
792 1617 1067 1682 Principiis
1106 1617 1415 1674 Geometrioe,
1451 1633 1552 1665 non

157 1693 308 1743 modo
352 1709 522 1742 arcum
566 1692 853 1757 quadrantis
898 1692 1137 1756 aequalem
1174 1707 1279 1740 esse
1322 1691 1460 1740 radio
1500 1702 1552 1740 et

156 1770 384 1834 tangenti
407 1775 472 1819 30
489 1769 733 1832 graduum
757 1767 902 1816 simul
925 1768 1148 1831 sumptis,
1166 1767 1254 1816 sed
1272 1768 1422 1815 etiam
1446 1783 1551 1816 sec-

159 1846 344 1895 tionem
375 1845 544 1909 anguli
573 1844 676 1892 dati
707 1844 758 1891 in
791 1843 983 1891 ratione
1015 1843 1162 1892 data:
1197 1850 1249 1891 et
1274 1844 1411 1891 arcui
1434 1842 1551 1891 dato

156 1922 396 1987 {equalem
426 1921 657 1969 exhibere
689 1928 899 1968 rectam:
935 1927 985 1967 et
1019 1928 1208 1977 contra,
1243 1918 1372 1967 datae
1402 1926 1551 1966 rectae

156 1999 398 2063 ‘aequalem
420 2013 619 2046 arcum:
654 2003 705 2045 et
726 1995 1026 2060 polygonum
1047 2004 1334 2043 construere
1357 1993 1553 2058 aequila-

158 2082 322 2124 terum
343 2073 686 2139 quodcunque.

157 2161 162 2166 ·
226 2150 624 2198 Cous-rimone
649 2147 895 2195 neum.
934 2145 1111 2194 ABCD
1129 2146 1229 2209 (fig.
1248 2144 1320 2206 ix)
1342 2153 1418 2193 est
1435 2159 1551 2208 qua-

154 2225 372 2282 dratum,
385 2224 595 2272 divisum
612 2222 675 2271 ab
693 2222 775 2270 EF
791 2221 1023 2286 parallela
1040 2221 1183 2269 lateri
1198 2220 1286 2268 AB
1300 2220 1549 2268 bifariam:

158 2309 213 2350 et
246 2300 335 2349 BD
357 2315 501 2349 arcus
531 2298 836 2363 quadrantis,
871 2313 1043 2345 secans
1078 2297 1158 2345 EF
1180 2297 1231 2344 in
1255 2297 1313 2345 G.
1384 2297 1551 2346 Quare

158 2371 246 2435 IG,
265 2376 398 2424 sinus
420 2390 563 2424 arcus
582 2374 686 2432 BD,
705 2381 780 2422 est
804 2373 1053 2421 semilatns
1073 2391 1086 2420 :
1109 2380 1159 2420 et
1183 2372 1253 2420 IA
1268 2379 1435 2436 potest
1457 2371 1553 2419 tria

156 2451 459 2500 milatera:
495 2459 548 2498 et
569 2449 663 2497 AN
687 2456 763 2497 est
786 2448 936 2512 dupla
959 2448 1029 2496 AI
1052 2448 1131 2495 vel
1149 2447 1259 2496 ΟΝ.

158 2539 163 2542 “
229 2525 371 2586 Item,
395 2525 486 2574 AD
517 2533 592 2573 est
621 2524 772 2588 dupla
795 2524 902 2582 AD,
926 2530 977 2571 et
1000 2522 1102 2570 AM
1140 2522 1290 2586 tripla
1313 2520 1547 2585 ejusdem.

161 2599 332 2651 Quare
353 2601 448 2649 ND
473 2598 717 2664 producta
738 2598 803 2646 ad
838 2598 967 2646 latus
991 2597 1076 2645 BC
1098 2597 1395 2660 productum
1419 2596 1470 2642 in
1493 2595 1549 2651 L,

161 2675 259 2724 erit
281 2676 363 2724 CL
390 2684 597 2740 tangens
621 2680 685 2724 30
708 2674 973 2738 graduum:
1010 2682 1061 2721 et
1085 2673 1157 2720 ΙΚ
1181 2672 1368 2736 aequale
1391 2670 1549 2726 lateri,

162 2758 217 2799 et
239 2750 342 2799 ΚΜ
364 2750 550 2815 aequale
571 2749 854 2799 semilateri.
901 2749 1075 2812 Itaque
1096 2748 1184 2797 DL
1200 2758 1277 2796 est
1299 2761 1470 2795 secans
1485 2750 1550 2792 30

163 2824 429 2891 gmduum:
464 2825 544 2875 cui
566 2825 768 2890 aequalis
790 2840 880 2889 per
902 2824 946 2873 G
974 2823 1172 2872 ducitur
1194 2822 1308 2871 ΑΗ.
1379 2821 1550 2883 Itaque
