1982 3204
315 656 399 695 300

311 1324 397 1363 310

308 1993 395 2032 320

435 265 527 308 334
782 277 851 309 DE
890 277 1261 310 MIRABILIBUS
1302 277 1476 310 PEccl.

432 383 624 427 Territat
643 385 815 428 arrectis
828 386 918 442 jam
939 392 1098 428 stantes
1118 386 1290 429 auribus
1310 388 1481 429 umbras

433 449 622 502 Tertius,
644 457 774 507 atque
793 452 919 494 minis
941 459 1119 507 quartus
1139 453 1427 509 proprioribus
1451 453 1573 495 ictus.

435 515 553 570 Quid
571 518 742 560 moror?
802 517 989 561 Undeno
1009 518 1246 561 dentatum¹
1268 525 1421 575 guttur
1442 518 1611 561 Averni

432 581 627 626 Verbere
647 584 749 626 dum
768 585 935 635 transit,
957 600 1001 627 se
1022 592 1066 627 et
1085 591 1191 628 tunc
1210 584 1318 642 lapis
1338 585 1399 628 ire
1420 592 1620 628 susurrat.

433 648 540 692 Post
559 650 602 692 id
623 650 827 706 quicquid
846 651 959 693 iners
979 666 1051 694 aer
1070 651 1144 694 vix
1165 651 1336 694 auribus
1357 651 1508 703 adfert,

431 715 536 759 Non
557 731 683 759 sonus
704 724 781 768 est,
803 717 876 760 sed
896 717 1035 774 imago
1056 717 1159 760 soni.
1223 718 1367 761 Vento
1387 734 1518 775 ocyus
1548 719 1711 762 umbrae

431 782 695 840 Diffugiunt,
717 783 935 839 Erebique
956 783 1045 840 tegi
1066 785 1144 827 sub
1165 784 1325 827 fornice
1347 791 1522 827 certant.

431 848 604 892 Interea
623 849 810 892 infernas
830 850 1039 906 percurrit
1067 850 1112 892 in
1133 850 1279 893 ordine
1300 851 1484 906 sphaeras

430 914 703 959 Descendens
723 916 852 959 tacite
873 932 1034 958 saxum.
1098 916 1296 960 Confinia
1317 917 1434 960 Ditis

430 980 644 1039 Attingit,
666 982 815 1025 vacua2
836 983 1077 1039 evertitque
1098 983 1243 1026 sedilia
1263 983 1443 1026 Patrum
1467 1001 1476 1025 :

430 1047 538 1091 Inde
558 1064 634 1105 per
653 1049 870 1092 intensum
890 1049 1096 1092 festinans
1117 1049 1275 1093 labitur
1294 1049 1455 1107 ignem³

431 1112 761 1171 Candentesque
781 1115 941 1158 animas
964 1116 1233 1169 (tubulorum
1252 1131 1368 1158 more
1389 1122 1576 1159 recoctas

430 1179 664 1233 Fictilium,
689 1197 808 1237 quos,
831 1182 1076 1224 transmissa
1096 1182 1289 1239 fuligine,
1310 1182 1482 1239 pinguis

431 1246 591 1290 Infecit
610 1248 699 1304 peti
718 1247 884 1304 fumus)
903 1248 1093 1303 coeloque
1113 1248 1322 1299 locandas,

431 1313 739 1370 Infantumque
760 1315 905 1358 semel⁴
927 1321 1126 1357 natorum
1146 1315 1337 1371 pervolat
1357 1314 1530 1357 orbem⁵.

430 1380 618 1437 (Inscius
639 1380 822 1431 admissi,
843 1380 983 1437 poena6
1004 1381 1086 1423 luit
1106 1381 1264 1423 inscius
1284 1380 1460 1437 infans.)

431 1447 600 1490 Ultima
619 1454 712 1489 tum
734 1447 917 1498 subiens,
939 1446 1200 1502 infandaque
1222 1447 1416 1497 Tartara,
1438 1453 1632 1489 centrum

431 1512 620 1565 Transit,
643 1513 708 1571 (at
726 1513 943 1556 haesurum
962 1513 1212 1569 promiserat
1232 1511 1488 1556 Entelechia⁷

431 1579 654 1623 Credenda
673 1581 823 1623 umbra
841 1580 1018 1637 tamen),
1039 1579 1307 1635 fundumque
1326 1579 1516 1622 ascendit
1534 1579 1588 1622 ad
1607 1579 1757 1622 imum.

429 1646 492 1690 Et
511 1647 692 1690 redeunt
711 1646 868 1703 trepidi
884 1646 1049 1697 Manes,
1071 1645 1283 1689 residente
1303 1645 1466 1696 favilla3

431 1712 552 1767 Quos
571 1713 684 1756 inter
703 1713 840 1763 timet,
862 1719 906 1756 et
926 1713 1012 1755 fert
1032 1728 1144 1755 unus
1167 1711 1376 1769 Sysiphus
1397 1727 1510 1769 aegre

432 1779 692 1823 Successisse
713 1794 789 1822 suo
809 1779 996 1836 graviori
1015 1779 1202 1835 pondere
1222 1794 1383 1821 saxum.

428 1846 588 1890 Fertur
607 1846 660 1889 ad
679 1846 759 1889 hoc
779 1852 952 1888 antrum
971 1845 1136 1889 venisse
1157 1845 1402 1889 Lecestrius
1421 1844 1545 1887 heros

428 1913 653 1963 Dudleius,
674 1919 800 1956 notus
823 1911 978 1956 Comes
997 1911 1034 1954 is
1054 1911 1272 1969 regnantis
1292 1911 1439 1954 Elizae.

429 1978 511 2022 Ille
530 1979 701 2036 inopem
722 1978 933 2034 quendam
954 1993 1084 2034 parvo
1105 1977 1185 2034 (sic
1205 1976 1435 2032 credimus)
1455 1990 1535 2018 aere

430 2044 717 2096 Conductum,
740 2052 784 2088 et
802 2045 931 2102 longo
952 2044 1214 2087 succinctum
1235 2051 1407 2101 pectora
1426 2043 1556 2092 sune;

428 2111 694 2154 Instructum
714 2118 852 2162 conto,
876 2111 1076 2154 Pellaeam
1097 2110 1292 2153 imitante
1313 2110 1518 2159 sarissam‚

427 2178 749 2235 Exploratores⁸
770 2177 1037 2234 cophinoque
1057 2177 1221 2220 ferente
1241 2177 1419 2234 lapillos,

427 2244 612 2287 Demitti
632 2252 676 2288 et
694 2244 833 2287 media
845 2243 975 2300 jussit
994 2244 1177 2301 pendere
1200 2259 1402 2293 caverna3

429 2310 538 2354 Inde
552 2311 639 2367 jaci
659 2311 832 2367 lapides,
854 2317 984 2366 atque
1005 2310 1178 2354 auribus
1198 2325 1294 2353 aera
1313 2309 1456 2366 pronis

430 2376 619 2434 Captari,
640 2377 738 2420 inde
759 2392 910 2420 cavum
930 2376 1104 2433 propius
1125 2375 1353 2419 scrutarier
1371 2376 1520 2418 altum.

428 2443 701 2487 Descendens
721 2442 872 2500 pavide
891 2443 1030 2493 miser,
1052 2457 1168 2485 nunc
1188 2442 1409 2484 desiliente
1428 2440 1576 2497 lapillo

430 2507 626 2552 Calculat
644 2508 897 2551 immensum
917 2508 1115 2565 spatium,
1136 2515 1418 2563 numeratque
1439 2514 1546 2563 quot
1564 2507 1679 2550 ictus

474 2678 485 2697 ¹
506 2677 644 2713 Exertis
659 2678 820 2712 cautibus
835 2689 1006 2724 asperum.
1194 2679 1207 2698 ⁵
1233 2678 1407 2713 Limbum.

473 2730 487 2752 ²
506 2733 600 2768 Nam
627 2733 758 2768 limbus
789 2738 927 2780 patrum
953 2733 1097 2780 jamdu-
1191 2733 1203 2751 ⁸
1221 2733 1297 2780 [Sic
1314 2734 1398 2770 edit.
1420 2735 1512 2768 1636
1528 2738 1563 2768 et
1580 2731 1700 2777 1678]

427 2789 511 2825 dum
529 2800 671 2825 vacuus.
1191 2789 1203 2806 ⁷
1223 2789 1357 2823 Umbra
1373 2789 1577 2824 Aristotelis.

473 2845 485 2863 ³
502 2845 759 2892 Purgatorium.
1191 2844 1204 2862 ⁸
1219 2845 1360 2886 Quibus
1373 2845 1612 2880 decidentibus
1623 2843 1818 2890 exploraret

474 2899 485 2918 ⁴
501 2899 582 2936 Non
599 2905 890 2947 regeneratorum.
1140 2900 1246 2936 foveae
1258 2900 1489 2936 altitudinem.
