1982 3204
714 289 1159 325 accumbis-nm.
1536 280 1633 331 387

251 400 328 450 Sic
342 400 470 446 etiam
490 399 686 444 subtilior
705 406 771 443 est
791 398 1037 442 Idololatria

308 466 449 522 Quam
469 466 576 516 dico,
598 481 726 522 quam
746 481 841 521 quae
862 463 1089 507 materialis
1109 471 1213 506 erat.
1527 470 1635 509 1⁴20

250 536 336 578 Soc.
371 532 477 575 Haec
495 532 760 589 aenigmatice
781 530 975 587 quamvis
993 545 1182 572 narrasse
1203 531 1370 581 videris,
1452 574 1458 578 ,

307 599 519 642 Attamen
539 606 589 641 ut
608 598 771 655 capiam
791 614 876 641 non
896 612 1003 654 opus
1024 596 1241 653 OEdipode
1261 605 1337 640 est.

250 663 454 720 Namque
474 679 589 707 mera
609 664 790 707 indoctae
815 663 1039 707 coluerunt
1059 663 1220 706 somnia
1241 663 1417 714 Gentes,

311 731 435 774 Picta
453 730 691 774 sacerdotes
710 744 796 785 quo
816 729 986 773 voluere
1007 728 1146 771 modo.

251 796 525 840 Nocturnum
546 796 749 853 populum
770 811 894 839 nemo
913 811 1000 838 non
1020 794 1208 838 viderat:
1242 795 1354 839 unde

310 863 539 906 Advenere
562 869 715 912 tamen,
737 861 903 904 nescius
923 861 1059 905 omnis
1081 868 1183 905 erat.

251 929 332 972 Pr.
366 928 483 971 Hinc
503 935 642 971 metus
662 927 812 984 ignoti,
832 927 1111 984 doctrinaque
1139 927 1470 979 Daemoniorum‚

311 993 493 1038 Subdita
511 994 720 1050 corruptis
739 993 1082 1051 philosophisque
1102 992 1243 1036 Fides.

250 1059 546 1117 Respexitque
565 1059 696 1103 Fides
715 1075 769 1103 ex
789 1060 862 1103 ino
882 1067 1072 1117 tempore
1093 1060 1272 1103 Patrum

310 1125 537 1183 Dogmata,
558 1141 642 1169 non
667 1125 784 1170 Sacri
805 1142 902 1182 quae
922 1127 1102 1170 docuere
1123 1127 1258 1170 Libri.
1535 1131 1644 1170 1430

254 1190 328 1237 Sic
346 1192 528 1249 populus
548 1192 739 1249 trepidus
759 1193 970 1250 pendebat
989 1195 1043 1237 ab
1063 1209 1136 1237 ore
1157 1195 1374 1252 magistri:

312 1257 547 1316 Coeperunt
566 1274 715 1316 regum
729 1260 849 1316 jussa
864 1260 1003 1303 valere
1025 1276 1188 1317 pamm.

254 1325 364 1370 cara
382 1326 508 1368 nimis
528 1326 651 1382 pauci
672 1328 896 1369 versabant
916 1327 1081 1370 Biblia:
1114 1326 1303 1371 nondum

314 1392 437 1435 Artis
457 1399 548 1436 erat
567 1391 698 1436 libros
719 1393 1002 1450 multiplicare
1021 1394 1149 1450 typis.

256 1456 398 1514 Inque
420 1458 598 1501 Patrum
618 1459 813 1502 manibus
834 1474 1024 1502 mansere
1045 1459 1229 1503 oracula
1251 1457 1419 1509 Sancta,

316 1523 512 1578 Quorum
533 1525 756 1582 praeceptis
776 1533 880 1568 tunc
900 1525 1084 1568 didicere
1103 1525 1233 1581 loqui.

258 1588 430 1633 Deinde
450 1590 564 1646 quod
583 1589 628 1632 in
649 1591 819 1647 templis
840 1592 1046 1634 curabant
1065 1590 1382 1635 commemorari

316 1655 553 1699 Doctorum
575 1656 771 1712 quaedam
792 1657 963 1700 nomina
983 1657 1117 1700 amioe.
1136 1657 1230 1708 sibi,

258 1721 527 1779 Expediebat
546 1721 619 1765 eis.
683 1721 789 1780 Spes
809 1731 1022 1767 ostentata
1040 1724 1259 1781 triumphi,

317 1787 489 1831 Militiae
508 1794 574 1831 est
594 1803 759 1845 semper
777 1790 962 1832 maxima
980 1806 1108 1833 causa
1124 1792 1262 1834 bonae.
1541 1791 1651 1830 1440

259 1855 347 1896 Soc.
380 1853 465 1898 Sed
487 1854 624 1910 quid?
654 1854 731 1896 An
747 1854 791 1897 in
804 1855 986 1912 templis,
1004 1863 1050 1899 et
1067 1856 1169 1899 dum
1185 1856 1453 1900 celebrantur
1472 1854 1651 1898 honores
1709 1895 1714 1899 .

316 1918 482 1971 Divini,
503 1920 568 1963 sas
587 1927 653 1963 est
672 1921 964 1966 concelebrare
983 1922 1211 1973 hominem,

261 1985 404 2041 Quem
424 1986 519 2042 pius
539 1986 708 2043 ignoras
728 1988 785 2030 sit
803 2003 858 2030 an
878 1988 1034 2045 impius
1053 1989 1224 2047 ignibus
1243 1988 1347 2032 atris

320 2050 496 2103 subtus,
517 2067 571 2094 an
592 2052 635 2094 in
656 2052 751 2095 coeli
770 2053 866 2096 luce
885 2054 1035 2097 beatus
1061 2055 1195 2112 agat?

261 2116 453 2176 Regibus
472 2118 628 2162 infesto
647 2119 834 2176 signabis
854 2121 1024 2164 nomine
1044 2121 1210 2165 fastos?

318 2183 541 2228 Becchetti
562 2185 694 2229 stabit
713 2185 851 2229 fatum
870 2187 915 2229 in
936 2187 1251 2244 Ephemeride?

262 2248 343 2292 Pr.
375 2249 505 2305 Quod
524 2251 646 2295 stetit
665 2252 709 2295 id
729 2252 872 2303 stabit,
893 2253 980 2296 vim
1000 2253 1107 2310 legis
1125 2253 1228 2297 dum
1249 2259 1368 2296 tenet
1387 2268 1502 2302 usus,

320 2315 384 2359 Et
401 2317 580 2374 populos
599 2326 716 2361 recta
734 2334 811 2375 pro
830 2319 994 2363 ratione
1012 2320 1135 2377 regit.

265 2379 385 2438 Pap·
401 2383 476 2426 sed
494 2383 548 2426 ad
566 2399 764 2441 magnam
784 2400 902 2441 spem
921 2400 994 2428 cor
1011 2386 1176 2437 dilatat,
1191 2393 1237 2429 et
1254 2385 1368 2430 orbis

322 2446 478 2507 Totius
495 2448 719 2506 imperium
738 2451 900 2509 cogitat
918 2467 1008 2495 esse
1028 2467 1178 2495 suum:
1545 2451 1654 2490 1450

266 2511 330 2556 Et
339 2513 451 2570 juris
468 2514 618 2559 titulos
636 2524 865 2573 extorquet
884 2517 1043 2562 Codice
1068 2533 1186 2562 sacro
1199 2534 1212 2560 ε

327 2577 520 2636 Supponi
539 2580 620 2624 sibi
639 2582 734 2625 vult
752 2583 895 2626 omnia
906 2584 1005 2640 jure
1027 2583 1135 2627 Dei:

268 2643 612 2702 nominibusque
630 2648 746 2704 capit
764 2663 915 2706 regum
932 2649 1091 2707 regalia
1102 2650 1213 2706 jura.

324 2708 472 2767 (Soepe
490 2709 641 2755 Fidem
659 2711 803 2770 gignit
821 2729 975 2758 nomen
994 2714 1120 2757 inane
1138 2714 1232 2770 rei).

270 2774 523 2820 Pontificem
541 2776 626 2820 dici
643 2777 739 2821 vult
756 2794 814 2830 se,
834 2795 922 2836 quo
947 2780 1116 2824 nomine
1136 2779 1349 2836 quondam

329 2842 559 2899 Augustus
576 2841 728 2886 Bomae
747 2853 918 2901 ceperat
936 2845 1176 2903 imperium.

272 2906 487 2978 Quodque
505 2907 591 2951 fuit
610 2906 756 2951 Moees
772 2909 806 2953 J
808 2910 953 2962 adamis,
973 2919 1019 2954 et
1036 2911 1152 2967 quod
1174 2911 1333 2962 Aaron,

1444 639 1513 670 'q-

1397 2991 1517 3026 cc‘2
