1982 3204
456 266 529 299 An
558 265 814 308 CAR‘rEsu
841 266 1283 302 Mssmu'noxss,
1467 263 1563 306 255

242 374 435 433 Potest,
457 376 632 440 inquit,
669 392 780 425 esse
818 382 872 425 ut
908 392 991 425 res
1025 378 1255 442 cogitans
1290 379 1359 427 sit
1395 396 1567 445 corpo-
1619 402 1813 428 οωιεοτιο

174 465 311 498 reum
336 450 564 516 aliquid:
598 454 738 515 cujus
760 453 1060 501 contrarium
1081 453 1305 508 sumitur,
1329 471 1422 502 non
1448 472 1567 520 pro-
1683 457 1725 482 ¹¹·

176 525 341 575 ὁσίαν.
410 527 532 586 Imo,
565 529 868 576 contrarium
904 544 1004 576 non
1043 529 1299 592 assumpsi,
1335 545 1427 577 nec
1460 532 1566 579 ullo

174 601 323 651 modo
348 618 407 651 eo
429 618 544 651 usus
576 619 683 651 sum
706 619 796 667 pro
828 603 1166 662 fundamento,
1202 604 1288 652 sed
1311 604 1456 668 plane
1492 606 1567 655 in-

176 676 554 727 determinatum
578 679 753 743 reliqui
777 695 930 743 usque
967 679 1031 728 ad
1066 687 1254 729 sextam
1277 668 1568 729 Meditat‘io-

175 768 299 809 nem,
322 753 371 801 in
396 770 492 817 qua
515 755 765 818 probatur.

244 827 434 877 Deinde
456 838 589 877 recte
613 829 749 887 dicit,
773 845 860 877 nos
894 846 987 877 non
1016 846 1172 895 posse
1204 830 1464 894 concipere
1487 848 1569 879 ac-

178 908 277 951 tum
308 920 444 952 suum
475 904 583 953 sine
617 904 832 967 sulv'ecto
854 921 957 964 suo,
980 912 1035 953 ut
1075 906 1427 971 cogitationem
1464 907 1570 955 sine

176 995 235 1028 re
263 980 534 1045 cogitante,
558 981 677 1045 quia
709 981 767 1028 id
802 982 939 1046 quod
973 982 1165 1047 cogitat
1200 998 1293 1029 non
1314 987 1391 1029 est
1427 982 1568 1030 nihil.

178 1054 277 1104 Sed
299 1056 480 1119 absque
503 1057 605 1104 ulla
625 1057 830 1115 ratione,
851 1065 902 1105 et
925 1066 1097 1106 contra
1119 1073 1315 1106 omnem
1337 1057 1570 1121 loquendi

176 1145 319 1179 usum
343 1146 636 1195 omnemque
659 1131 871 1195 logicam
894 1133 1049 1192 addit,
1088 1133 1201 1181 hinc
1235 1132 1396 1181 videri
1434 1133 1571 1197 sequi

176 1221 284 1254 rem
322 1207 623 1272 cogitantem
661 1223 771 1255 esse
805 1224 1089 1273 corporeum
1128 1208 1260 1272 quid.
1338 1209 1572 1272 Subjecta

176 1280 308 1330 enim
353 1282 571 1329 omnium
607 1292 807 1330 actuum
853 1284 1197 1348 intelliguntur
1237 1284 1436 1348 quidem
1477 1285 1569 1333 sub

177 1357 370 1405 ratione
393 1358 690 1417 substantiae,
713 1358 790 1406 vel
827 1360 977 1407 etiam
1001 1359 1043 1407 si
1078 1359 1215 1408 lubet
1251 1360 1342 1408 sub
1380 1360 1570 1408 ratione

177 1432 414 1490 materiae,
437 1448 613 1497 nempe
650 1434 1022 1499 metaphysicae:
1056 1451 1158 1483 non
1188 1443 1354 1484 autem
1384 1435 1570 1485 idcirco

177 1508 270 1556 sub
292 1508 482 1556 ratione
502 1524 779 1572 corporum.

246 1583 345 1632 Sed
362 1592 414 1632 et
446 1584 608 1648 logici,
633 1593 684 1634 et
705 1585 853 1649 vulgo
877 1602 1062 1645 omneS‚
1087 1586 1251 1635 dicere
1275 1587 1435 1635 solent
1457 1587 1573 1635 sub-

179 1659 388 1708 stantias
411 1659 531 1708 alias
554 1676 661 1709 esse
685 1661 979 1724 spiritualeS,
1003 1661 1122 1710 alias
1146 1678 1419 1726 corporeas
1465 1663 1573 1711 Nec

179 1734 315 1783 aliud
336 1735 566 1799 probari*
591 1736 815 1800 exemplo
841 1752 983 1795 cerae,
1007 1737 1101 1786 nisi
1123 1745 1318 1786 tantum
1342 1738 1572 1797 colorem,

178 1809 428 1870 duritiem,
452 1811 677 1874 figuram,
703 1827 802 1860 nou
824 1813 1071 1876 pertinere
1099 1812 1164 1861 ad
1198 1814 1442 1862 rationem
1476 1814 1574 1862 for-

178 1884 357 1934 malem
379 1886 530 1950 ipsius
553 1902 692 1935 cerae.
763 1887 870 1935 Nec
895 1888 1045 1936 etiam
1069 1888 1130 1937 de
1152 1890 1346 1938 ratione
1377 1889 1573 1938 formali

180 1961 376 2021 mentis,
401 1978 493 2010 nec
517 1962 714 2026 quidem
738 1962 799 2010 de
818 1963 1009 2012 ratione
1031 1963 1227 2013 formali
1250 1965 1485 2029 corporis,
1506 1966 1572 2013 ibi

182 2052 278 2101 egi.

249 2112 422 2177 Neque
444 2113 508 2162 ad
530 2129 634 2161 rem
656 2114 886 2177 pertinet,
905 2115 1036 2179 quod
1059 2115 1140 2164 hic
1163 2115 1480 2180 philosophus
1505 2116 1575 2164 di-

182 2196 266 2236 cat
298 2204 447 2237 unam
471 2190 822 2253 cogitationem
845 2207 946 2238 non
976 2207 1119 2255 posse
1155 2207 1261 2240 esse
1300 2193 1575 2256 subjectum

182 2263 383 2313 alterius
415 2265 741 2329 cogitationis.
813 2266 938 2316 Quis
977 2267 1108 2315 enim
1149 2284 1365 2332 unquam
1400 2276 1578 2332 praeter

182 2339 342 2403 ipsum
365 2339 459 2388 hoc
480 2339 659 2389 fiuxit?
730 2341 828 2389 Sed
850 2349 907 2390 ut
929 2357 1032 2390 rem
1055 2343 1211 2407 ipsam
1233 2343 1403 2407 paucis
1426 2343 1575 2406 expli-

184 2429 308 2474 cem,
331 2422 521 2464 certum
544 2423 619 2464 est
654 2416 1004 2480 cogitationem
1035 2435 1134 2467 non
1170 2435 1312 2483 posse
1343 2434 1449 2467 esse
1472 2418 1577 2466 sine

184 2504 240 2537 re
262 2490 527 2554 cogitante,
552 2507 645 2540 nec
668 2492 868 2540 omniuo
899 2493 1053 2541 ullum
1086 2502 1251 2542 actum
1288 2494 1390 2542 sive
1423 2493 1577 2541 ullum

185 2564 412 2614 accidens
453 2566 557 2614 sine
598 2567 870 2615 substantia
909 2568 989 2616 cui
1030 2569 1161 2617 insit.
1246 2569 1374 2617 Cum
1413 2578 1578 2616 autem

185 2639 506 2688 substantiam
523 2656 622 2689 uon
647 2642 927 2691 immediate
944 2660 1033 2708 per
1051 2644 1206 2708 ipsam
1225 2660 1577 2708 cognoscamus

187 2714 275 2764 sed
296 2730 385 2779 per
401 2715 496 2764 hoc
513 2723 721 2777 tantum,
741 2718 872 2783 quod
895 2719 960 2768 sit
978 2720 1250 2783 subjectum
1269 2719 1578 2783 quorundam

823 2877 846 2898 ⁹
868 2875 946 2915 Sic.
