1982 3204
464 294 710 334 AmQUOT
736 291 1098 345 Geoummca
1128 292 1245 327 E‘rc.
1457 282 1545 327 169

160 406 409 456 auferatur
433 413 474 464 l,
492 414 646 455 restat
669 412 701 454 3
724 404 912 454 medius
936 404 1065 452 inter
1087 404 1349 467 quadratos
1373 411 1404 453 9
1428 414 1479 454 et
1508 411 1549 454 1.
1622 420 1713 448 mr·-
1731 420 1787 447 tv·

162 483 386 547 Denique
401 488 515 540 400,
535 487 648 539 361,
668 487 771 530 324
790 489 903 528 sunt
920 479 1147 543 quadrati
1163 479 1392 543 deinceps
1409 496 1549 543 prox·
1571 505 1614 534 n,
1627 505 1780 543 quami.

161 559 262 607 imi.
333 561 376 606 A
400 558 561 606 medio
586 563 676 606 361
708 557 748 605 si
783 555 1034 604 auferatur
1065 555 1245 613 unitaS‚
1269 563 1422 603 restat
1454 561 1551 604 360
1568 548 1812 621 ΐζζζζ

161 633 351 682 medius
387 634 513 683 inter
549 642 792 681 extremos
828 637 927 681 400
965 639 1016 679 et
1052 636 1165 679 324.
1234 631 1299 679 Et
1322 630 1392 679 sic
1416 630 1553 679 dein-

162 725 292 774 cepa.

230 799 306 833 w.
343 785 478 832 Inter
519 782 642 831 duas
682 783 865 845 figuras
908 780 1174 844 quadratas
1214 781 1474 845 proximas,
1513 782 1554 830 si

163 859 404 924 quadrato
427 859 628 907 minimo
652 857 864 905 addatur
888 856 1028 904 radix
1051 872 1154 914 sua,
1178 865 1339 905 totum
1363 857 1457 905 erit
1479 853 1554 907 iffi·

163 944 243 984 ter
263 935 391 999 ipsas
415 933 627 981 medium
651 932 1032 996 proportionale.
1104 932 1232 980 Nam
1257 932 1299 980 si
1316 932 1555 997 quadrato

169 1017 188 1060 l
218 1010 429 1060 addatur
451 1009 590 1057 radix
606 1024 710 1066 sua,
735 1023 844 1071 quae
868 1015 943 1055 est
964 1023 1092 1055 una:
1117 1015 1277 1056 totum
1301 1014 1331 1056 2
1357 1016 1431 1056 est
1454 1025 1556 1057 me-

164 1086 299 1135 dium
321 1083 687 1149 proportionale
711 1082 841 1132 inter
871 1089 889 1131 l
920 1091 970 1131 et
994 1089 1039 1130 4.
1101 1082 1349 1141 Similiter,
1374 1084 1414 1132 si
1439 1100 1558 1148 qua-

163 1161 305 1210 drato
343 1169 372 1208 4
409 1159 619 1208 addatur
655 1158 795 1207 radix
831 1174 934 1217 sua,
968 1166 1128 1207 totum
1165 1165 1196 1207 6
1229 1168 1303 1208 est
1341 1160 1558 1208 medium

162 1235 526 1301 proportionale
566 1235 696 1282 inter
731 1242 759 1282 4
800 1244 852 1282 et
890 1240 937 1282 9.
1007 1236 1072 1282 Et
1106 1235 1177 1283 sic
1210 1243 1466 1300 perpetu0,
1501 1244 1559 1284 ut

163 1311 479 1360 manifestum
503 1318 578 1359 est
594 1325 683 1374 per
706 1309 1057 1359 inductionem.

231 1402 284 1436 v.
321 1387 373 1435 Si
396 1403 427 1435 a
449 1386 688 1450 quadrato
712 1386 851 1433 radix
866 1402 954 1434 sua
970 1386 1236 1444 auferatur,
1255 1386 1570 1450 relinquetur*

164 1462 380 1511 medium
403 1462 534 1510 inter
556 1462 715 1525 ipsum
738 1469 787 1509 et
820 1461 1113 1525 quadratum
1136 1462 1357 1525 proxime
1380 1462 1557 1510 minus.

167 1538 243 1587 Sit
278 1538 409 1586 enim
447 1537 686 1601 quadrata
723 1537 882 1600 figura
911 1541 1034 1586 10οε
1071 1537 1113 1585 si
1152 1537 1404 1585 anferatur
1440 1537 1557 1586 inde

166 1613 308 1662 radix
331 1614 436 1677 ejus
467 1619 541 1672 10,
565 1612 868 1676 relinquetur
889 1618 970 1671 90,
995 1612 1184 1661 medius
1214 1613 1557 1676 proportiona-

166 1689 228 1738 lis
271 1689 401 1737 inter
430 1693 522 1737 100
566 1695 617 1736 et
659 1693 740 1746 81,
778 1687 1072 1751 quadratum
1111 1688 1334 1751 proxime
1380 1689 1558 1737 minuS.

168 1764 418 1822 Similiter,
445 1763 488 1811 si
523 1779 554 1811 a
585 1763 825 1827 quadrato
860 1768 892 1810 9
927 1763 1174 1811 auferatur
1209 1763 1351 1812 radix
1387 1780 1475 1812 sua
1511 1771 1559 1823 3,

166 1839 367 1889 relictus
388 1844 420 1886 6
449 1838 559 1897 erit,
583 1838 772 1886 medius
802 1839 934 1886 inter
965 1840 993 1887 9
1018 1846 1070 1887 et
1093 1839 1386 1902 quadratum
1409 1856 1558 1904 prox-

167 1914 264 1963 ime
286 1914 488 1962 inferius
513 1921 559 1962 4.
629 1914 693 1962 Et
716 1914 786 1962 sic
808 1929 1015 1977 semper.

236 1990 323 2038 Sin
348 1990 590 2054 quadrata
611 2005 711 2038 non
735 1989 835 2038 sint
855 1990 1093 2053 proxima,
1114 1989 1201 2038 sed
1231 1990 1562 2039 intermittant

167 2081 337 2124 unum,
362 2066 524 2114 minus
548 2065 839 2129 quadratum
864 2081 976 2113 cum
1000 2065 1188 2114 duabus
1215 2066 1461 2114 radicibus
1486 2073 1562 2114 est

169 2143 386 2192 medium
438 2143 570 2191 inter
619 2142 704 2190 illa
750 2142 848 2190 duo
893 2141 1134 2205 quadrata
1176 2141 1559 2206 proportionale.

170 2219 301 2268 Nam
329 2219 371 2266 si
393 2218 634 2282 quadrato
665 2224 682 2266 1
713 2217 959 2266 addantur
989 2216 1099 2265 duae
1135 2218 1240 2280 ejus
1271 2216 1475 2275 radices,
1509 2216 1561 2264 id

170 2302 247 2343 est
281 2301 330 2353 2,
367 2294 488 2342 fient
526 2299 573 2352 3,
599 2292 760 2340 media
799 2292 1179 2356 proportionalis
1213 2292 1344 2340 inter
1380 2298 1395 2340 1
1428 2300 1478 2340 et
1509 2297 1559 2340 9.

171 2370 297 2419 Item
315 2369 356 2418 si
378 2368 619 2434 quadrato
639 2375 668 2417 4
688 2368 934 2417 addantur
951 2368 1061 2417 duae
1075 2370 1180 2432 ejus
1197 2368 1400 2427 radiceS,
1419 2367 1470 2416 id
1485 2376 1561 2416 est

172 2452 223 2503 4,
255 2446 377 2494 fient
422 2451 469 2503 8,
506 2445 723 2494 medium
767 2445 895 2493 inter
925 2450 954 2491 4
990 2452 1039 2492 et
1091 2449 1166 2492 16.
1236 2444 1301 2492 Et
1346 2445 1417 2492 sic
1449 2459 1561 2507 per-

171 2527 339 2584 petuo.
408 2519 545 2568 Idem
580 2519 795 2568 medium
822 2519 1097 2576 habebitur,
1121 2518 1161 2566 si
1184 2534 1215 2566 a
1237 2519 1420 2581 majore
1442 2534 1561 2582 qua-

175 2594 317 2643 drato
350 2594 462 2644 duae
500 2596 605 2658 ejus
634 2594 823 2643 radices
846 2593 1147 2643 auferantur.
1217 2594 1345 2642 Nam
1380 2594 1420 2642 si
1444 2610 1475 2641 a
1502 2599 1561 2641 16

176 2668 284 2717 duae
313 2670 418 2732 ejus
447 2670 638 2718 radices
674 2669 974 2727 auferantur,
996 2669 1251 2717 restabunt
1274 2674 1321 2728 8,
1346 2668 1562 2717 medium

175 2744 306 2793 inter
336 2749 392 2792 16
416 2752 470 2792 et
490 2751 537 2792 4.

245 2819 298 2868 Si
323 2818 532 2882 denique
550 2818 648 2867 duo
662 2819 903 2882 quadrata
924 2820 1254 2868 intermittant
1270 2819 1366 2867 alia
1383 2817 1497 2875 duo,
1513 2825 1564 2865 et

178 2894 418 2958 quadrato
441 2893 619 2942 minori
642 2893 855 2942 addatur
868 2894 1015 2957 tripla
1030 2910 1119 2942 sua
1132 2893 1287 2949 radix,
1306 2892 1564 2941 habebitur

178 2969 393 3018 medium
417 2968 547 3017 inter
569 2968 811 3032 quadrata
832 2977 1064 3017 extrema.
1113 2969 1241 3016 Nam
1266 2967 1330 3016 ad
1354 2967 1562 3030 quadra-
