1982 3204
402 297 464 339 88
538 306 833 340 DOCTRINAE
861 305 1222 340 WALLISIANAE
1250 303 1322 337 DE
1349 305 1523 349 MOTU,
1551 305 1666 339 E'rc.

202 436 315 462 posT-
408 424 427 466 l
458 418 522 465 ad
545 423 598 465 3:
633 418 728 466 hoc
763 425 851 476 est,
887 434 974 481 per
1010 417 1162 474 illum,
1197 424 1251 464 ut
1290 432 1439 463 unum
1476 416 1540 464 ad
1576 416 1789 465 indicem

149 490 362 516 sommum.
404 493 545 541 seriei
569 493 961 541 secundanorum
985 493 1175 539 unitate
1199 498 1421 540 auctum:
1458 492 1544 540 sed
1562 493 1612 540 in
1627 508 1790 557 para-

406 568 624 616 bolastro
663 568 836 632 primo,
874 568 1027 628 (alias,
1058 566 1394 631 paraboloz'de
1424 567 1674 630 cubicali),
1705 569 1793 616 ubi-

404 644 531 691 ratio
567 643 770 691 rationis
808 651 884 691 est
927 641 1187 705 triplicata,
1234 643 1440 705 figuram
1481 642 1791 691 deficientem

406 734 511 767 esse
542 719 605 766 ad
639 735 779 766 suum
804 718 1216 780 complementum
1239 724 1294 765 ut
1320 722 1349 764 3
1374 717 1437 765 ad
1468 724 1515 765 l:
1550 718 1683 766 unde
1716 734 1792 767 se-

406 794 589 858 quitur,
615 793 1024 855 complementum
1048 793 1152 854 ejus
1176 808 1281 840 esse
1309 792 1373 840 ad
1399 793 1795 857 parallelogram-

405 885 540 916 mum
563 876 618 916 ut
647 874 665 917 l
696 868 759 915 ad
783 870 835 915 4:
861 867 911 915 id
936 874 1026 926 est,
1051 875 1107 915 ut
1130 883 1284 915 unum
1312 868 1374 916 ad
1413 868 1627 916 indicem
1650 868 1794 917 seriei

407 945 730 992 tertianorum
754 944 942 991 unitate
965 950 1181 1003 auctum,
1206 951 1255 992 et
1279 944 1348 992 sic
1367 944 1427 992 de
1447 944 1657 992 caeterisz
1681 959 1794 1008 ego,

407 1027 611 1082 excepto
636 1019 696 1066 de
714 1017 987 1082 parabola,
1011 1018 1214 1081 primus.
1286 1018 1410 1067 Quae
1446 1035 1559 1066 cum
1595 1019 1794 1082 legisset

406 1094 670 1152 Wallisius,
719 1093 1026 1142 occasionem
1068 1094 1305 1157 arripiens
1350 1094 1486 1153 furti,
1535 1102 1586 1142 et
1630 1095 1795 1143 verbis

406 1170 667 1233 assumptis
684 1169 1044 1233 primanorum,
1070 1170 1474 1229 secundanorum,
1499 1169 1728 1230 indicum,
1744 1176 1796 1218 et

407 1245 747 1310 exponentium
782 1261 871 1309 pro
895 1245 1011 1304 suis,
1035 1261 1167 1293 nunc
1189 1245 1527 1309 imprudenter
1548 1245 1794 1294 venditat:

406 1337 497 1368 nec
525 1328 705 1378 tamen,
741 1328 798 1367 ut
833 1335 980 1384 supra
1014 1329 1262 1369 ostensum
1297 1328 1387 1380 est,
1424 1320 1795 1380 demonstravit,

405 1412 496 1444 nec
521 1397 581 1444 ab
605 1395 733 1443 illius
758 1396 1010 1459 principiis
1035 1396 1360 1444 demonstrari
1382 1403 1605 1460 possunt.
1665 1397 1796 1445 Nam

406 1471 446 1519 si
469 1471 598 1519 linea
621 1487 681 1518 ex
704 1471 908 1519 infinitis
931 1472 1128 1535 punctis
1147 1479 1354 1531 constet,
1374 1479 1424 1520 et
1446 1479 1685 1535 punctum
1708 1471 1798 1520 ali-

407 1546 524 1610 quid
563 1547 641 1605 sit,
666 1547 859 1596 infinita
899 1548 992 1596 erit
1025 1548 1175 1596 linea:
1213 1548 1254 1596 si
1284 1555 1526 1611 punctum
1561 1548 1624 1596 sit
1657 1547 1797 1607 nihil,

406 1622 730 1686 longitudinis
755 1623 851 1672 erit
873 1624 1078 1672 nullius:
1114 1624 1341 1687 idemque
1365 1624 1466 1672 dici
1497 1623 1558 1672 de
1594 1624 1797 1688 superfi-

407 1699 572 1747 ciebus
597 1705 646 1746 et
670 1699 838 1747 solidis
862 1707 1043 1762 potest.

473 1774 810 1837 Propositione
833 1775 915 1822 xiv
939 1783 991 1823 et
1014 1792 1078 1823 xv
1114 1775 1400 1839 aggreditur
1433 1783 1657 1823 centrum
1683 1789 1799 1838 gra-

408 1850 574 1897 vitatis
611 1850 814 1898 sectoris
850 1857 901 1898 et
937 1851 1178 1914 segmenti
1210 1851 1402 1899 circuli:
1439 1850 1526 1898 sed
1555 1850 1726 1908 ambae,
1748 1857 1800 1899 et

408 1941 516 1988 quae
540 1926 600 1973 ab
624 1925 719 1973 illis
735 1925 1029 1988 dependent,
1049 1926 1181 1974 falsae
1206 1933 1336 1985 sunt,
1355 1942 1447 1975 nec
1471 1926 1533 1975 ab
1557 1942 1616 1974 eo
1639 1926 1800 1990 primo

410 2000 568 2049 editae.
628 2001 726 2048 Sed
750 2002 979 2064 quoniam
1004 2002 1054 2050 in
1081 2016 1295 2051 ROSETO
1321 2019 1432 2051 meo
1457 2018 1627 2050 recens
1650 2001 1800 2060 edito,

411 2091 554 2138 quem
578 2076 795 2124 libellum
818 2076 910 2124 tibi
938 2093 1070 2124 nunc
1106 2078 1265 2136 mitto,
1290 2086 1514 2126 centrum
1545 2076 1802 2141 gravitatis

411 2151 700 2199 semicirculi
724 2159 774 2199 et
797 2151 1081 2215 quadrantis
1106 2153 1190 2201 ubi
1215 2161 1328 2202 sunt
1353 2153 1566 2211 ostendi,
1589 2153 1801 2216 reliquas

411 2226 554 2289 hujus
569 2228 720 2290 partis
739 2227 967 2276 secundae
981 2229 1341 2292 propositiones
1355 2229 1636 2292 praeteribo.
1671 2228 1802 2276 Nam

412 2301 615 2350 aliarum
636 2303 784 2351 etiam
802 2304 1071 2367 figurarum
1090 2311 1261 2351 centra
1277 2304 1531 2367 gravitatis
1546 2318 1635 2351 suo
1653 2302 1800 2351 modo

412 2384 608 2435 tractat,
633 2378 718 2426 sed
753 2378 980 2442 designat
1008 2379 1212 2427 nullum.
1282 2379 1455 2427 Nescit
1484 2379 1568 2426 ubi
1602 2386 1691 2436 est,
1715 2385 1802 2426 aut

415 2467 512 2514 quo
535 2453 710 2502 tendit.
769 2455 825 2502 In
851 2455 988 2519 sylva
1009 2453 1333 2519 symbolorum
1360 2454 1647 2503 densissima
1669 2469 1803 2502 erra-

413 2527 605 2575 bundus
620 2537 865 2578 versatur:
889 2530 1013 2578 nihil
1027 2529 1161 2578 videt
1174 2538 1355 2594 praeter
1369 2537 1578 2593 spectra.
1615 2529 1802 2577 Iterum

414 2602 504 2650 tibi
523 2602 647 2661 dioc,
666 2604 806 2653 mitte
826 2605 945 2654 mihi
968 2605 1172 2669 posthac
1192 2605 1328 2665 nihil,
1348 2612 1434 2653 aut
1450 2604 1802 2668 geometricum

414 2684 500 2725 aut
523 2678 902 2741 arithmeticum,
928 2681 1057 2745 quod
1083 2697 1183 2730 non
1211 2681 1272 2729 sit
1297 2696 1488 2744 purum.

1023 2872 1188 2906 FINIS.
