1982 3204
714 273 1007 307 amsTOLAE.
1460 266 1554 308 295

168 384 312 433 aliter
336 401 479 449 quam
506 386 556 434 in
582 401 691 434 mea
714 385 985 450 Dioptrica
1010 383 1290 442 traduntur,
1315 400 1404 447 pro
1427 386 1555 433 veris

168 468 219 507 et
242 469 375 508 recte
400 460 744 509 demonstratis
767 460 1045 516 admittant,
1065 459 1212 506 officii
1233 460 1325 506 mei
1351 476 1454 507 esse
1473 477 1555 508 ex-

167 536 331 584 istimo
355 537 570 584 breviter
601 537 681 584 hic
711 551 910 584 monere
934 535 1109 598 quibus
1133 550 1196 582 ex
1221 535 1348 582 notis
1383 551 1556 583 aurum

167 611 229 659 ab
254 611 500 660 orichalco
525 611 747 674 dignosci
770 610 939 674 possit.
1456 655 1522 669 ἡ

236 686 293 734 In
312 688 408 734 fine
427 687 530 734 folii
551 694 580 734 3
600 687 756 734 utitur
769 685 911 733 valde
930 684 1062 732 inani
1081 684 1286 740 ratione,
1306 692 1360 731 ut
1379 684 1558 732 refutet

166 760 219 809 id
233 762 365 824 quod
382 761 552 825 scripsi
572 761 754 824 pagina
777 766 855 808 19:
878 760 1077 824 “quia”‚
1097 760 1274 823 inquit,
1291 764 1320 784 “
1335 775 1556 822 sequere-

166 844 248 884 tur
270 837 383 900 pilae
406 838 563 884 inesse.
586 836 887 883 intellectum
907 851 1069 883 rerum
1091 835 1555 898 geometricarum'’:

166 920 397 976 tanquam
426 912 465 959 si
498 928 556 959 ex
581 926 639 958 eo
664 910 796 974 quod
821 910 1004 973 aliquid
1039 911 1125 958 fiat
1148 911 1198 958 in
1222 919 1399 958 natura
1418 911 1560 973 juxta

165 987 298 1050 leges
318 987 617 1050 geometriae,
651 995 886 1049 sequatur
909 986 1095 1034 idcirco
1118 986 1170 1034 id
1194 986 1482 1050 corporibus
1507 986 1558 1034 in

165 1062 339 1127 quibus
362 1062 412 1109 id
436 1062 493 1110 fit
517 1078 621 1110 esse
653 1061 972 1109 intellectum.
1041 1062 1146 1124 Ego
1170 1077 1286 1109 vero
1312 1062 1430 1109 satis
1455 1078 1559 1109 esse

164 1137 334 1201 putavi
357 1137 420 1185 ad
444 1137 882 1185 demonstrandum
901 1137 1019 1200 quid
1042 1138 1196 1195 fieret,
1217 1137 1348 1200 quod
1367 1152 1557 1200 geome-

164 1212 274 1261 triae
296 1213 427 1276 leges
446 1213 681 1260 docerent
704 1213 772 1260 ita
797 1213 904 1259 fieri
925 1220 1152 1275 oportere
1175 1231 1185 1259 :
1211 1228 1302 1260 nec
1322 1212 1403 1260 ille
1422 1212 1558 1275 quic-

165 1303 310 1351 quam
329 1289 443 1336 novi
462 1289 542 1336 hic
562 1290 722 1346 affert,
741 1288 827 1336 sed
848 1296 1039 1336 tantum
1059 1304 1161 1336 rem
1182 1304 1211 1335 a
1228 1304 1306 1335 me
1324 1289 1557 1336 traditam

164 1364 318 1427 magis
341 1364 568 1427 explicat,
594 1363 803 1411 dicendo
832 1363 882 1410 in
919 1379 1098 1426 magna
1132 1364 1449 1411 inclinatione
1484 1380 1569 1411 rem

164 1439 439 1487 sistentiam
458 1455 597 1502 aquae
612 1454 842 1502 superare
858 1439 1121 1502 impulsum
1142 1439 1388 1495 deorsum,
1408 1439 1556 1502 quod,

164 1522 218 1562 ut
236 1514 489 1562 intellectu
507 1515 808 1573 facillimum,
830 1515 1074 1577 explicare
1093 1515 1421 1577 neglexeram.
1458 1515 1556 1563 Sed

162 1589 257 1638 hoc
276 1590 564 1653 explicando
583 1590 634 1637 in
652 1606 877 1653 magnam
902 1590 1240 1637 difficultatem
1260 1607 1290 1638 a
1308 1591 1406 1638 suis
1425 1591 1558 1654 prin-

164 1666 304 1729 cipiis
327 1664 589 1713 adducitur
610 1683 620 1712 :
646 1665 908 1727 quomodo,
928 1665 1131 1722 scilicet,
1146 1665 1247 1728 pila
1264 1681 1455 1713 sursum
1479 1681 1556 1713 re-

165 1741 308 1789 siliat.
380 1741 459 1788 An
484 1741 615 1788 enim
639 1740 770 1788 dicet
795 1756 935 1803 aquae
967 1741 1274 1804 superficiem
1308 1741 1556 1789 incurvari

163 1817 313 1865 etiam
337 1816 491 1864 instar
508 1832 665 1872 arcus,
680 1825 731 1863 et
750 1816 868 1864 dum
886 1832 936 1863 se
955 1817 1171 1864 restituit
1194 1817 1344 1880 pilam
1363 1833 1556 1865 sursum

163 1890 431 1956 repellere?

161 1983 164 1985 ·
231 1967 289 2015 In
313 1966 513 2029 reliquis
537 1966 765 2013 omnibus
793 1965 897 2028 agit
934 1973 1125 2013 tantum
1151 1965 1212 2014 dc
1237 1966 1553 2015 refractione:

163 2049 214 2090 et
250 2041 302 2089 in
341 2042 500 2105 prima
540 2056 628 2088 sua
667 2040 929 2104 hypothesi
965 2040 1143 2088 falsum
1182 2041 1400 2098 assumit,
1425 2042 1557 2106 quod

162 2132 339 2180 nempe
363 2116 521 2164 omnis
545 2116 674 2163 actio
708 2116 772 2163 sit
803 2123 965 2163 motus
1001 2115 1187 2164 localis.
1260 2117 1383 2165 Cum
1408 2119 1553 2177 enim,

164 2192 373 2256 exempli
397 2207 559 2249 causa,
583 2190 758 2238 baculo
783 2190 980 2238 innixus
1005 2199 1186 2239 terram
1215 2208 1399 2255 premo,
1424 2195 1555 2242 actio

165 2282 286 2316 meae
300 2283 472 2315 manus
490 2267 881 2315 communicatur
899 2267 991 2314 toti
1010 2267 1089 2315 isti
1108 2268 1297 2325 baculo,
1314 2277 1363 2317 et
1378 2271 1557 2318 transit

164 2357 316 2407 usque
338 2342 402 2390 ad
425 2350 607 2390 terram
628 2360 639 2389 ε
676 2341 899 2405 quamvis
917 2341 1053 2389 nullo
1078 2342 1223 2405 plane
1246 2343 1392 2392 modo
1411 2345 1554 2392 bacu-

165 2416 267 2464 lum
279 2417 415 2471 illud,
433 2433 524 2465 nec
541 2417 739 2481 quidem
754 2417 1101 2465 insensibiliter
1121 2426 1174 2466 ut
1190 2419 1317 2467 infra
1335 2421 1553 2479 assumit,

166 2492 352 2539 moveri
375 2508 720 2556 supponamus.

234 2565 471 2615 Quintam
501 2568 650 2615 etiam
680 2568 1008 2631 hypothesim,
1034 2568 1167 2632 quod
1198 2585 1282 2618 aer
1305 2571 1369 2618 sit
1393 2570 1554 2619 minus

167 2648 429 2689 contumax
458 2642 689 2691 adversus
725 2652 914 2691 motum
937 2645 1135 2692 luminis
1159 2661 1304 2708 quam
1329 2662 1456 2710 aqua
1478 2647 1555 2694 vel

166 2715 365 2773 vitrum,
400 2731 499 2764 non
532 2719 731 2781 probat:
774 2735 983 2783 cumque
1018 2720 1124 2783 ejus
1159 2722 1459 2769 contrarium
1504 2722 1554 2769 in

167 2790 439 2855 Dioptrica
462 2791 854 2852 demonstr-arim,
879 2794 961 2842 ille
985 2810 1101 2842 vero
1125 2796 1309 2844 nullam
1333 2797 1452 2845 dicti
1481 2798 1555 2844 sui

167 2866 338 2914 afferat
364 2866 620 2927 rationem,
644 2884 811 2931 quaero
836 2877 948 2917 utro
972 2870 1127 2932 magis
1154 2871 1216 2918 sit
1238 2871 1555 2919 credendum.
