<?xml version="1.0" encoding="UTF-8"?>
<!DOCTYPE html PUBLIC "-//W3C//DTD XHTML 1.0 Transitional//EN"
    "http://www.w3.org/TR/xhtml1/DTD/xhtml1-transitional.dtd">
<html xmlns="http://www.w3.org/1999/xhtml" xml:lang="en" lang="en">
 <head>
  <title>
</title>
<meta http-equiv="Content-Type" content="text/html;charset=utf-8" />
  <meta name='ocr-system' content='tesseract 3.04.00' />
  <meta name='ocr-capabilities' content='ocr_page ocr_carea ocr_par ocr_line ocrx_word'/>
</head>
<body>
  <div class='ocr_page' id='page_1' title='image "./operaphilosophic05hobbuoft/operaphilosophic05hobbuoft_0124.png"; bbox 0 0 1982 3204; ppageno 0'>
   <div class='ocr_carea' id='block_1_1' title="bbox 422 304 1392 350">
    <p class='ocr_par' dir='ltr' id='par_1_1' title="bbox 422 304 1392 350">
     <span class='ocr_line' id='line_1_1' title="bbox 422 304 1392 350; baseline 0 -2"><span class='ocrx_word' id='word_1_1' title='bbox 422 304 510 348; x_wconf 87' lang='grc'>116</span> <span class='ocrx_word' id='word_1_2' title='bbox 827 316 939 350; x_wconf 78' lang='lat' dir='ltr'>Lux</span> <span class='ocrx_word' id='word_1_3' title='bbox 967 315 1392 349; x_wconf 76' lang='lat' dir='ltr'>MATHEMA&#39;ricA.</span> 
     </span>
    </p>
   </div>
   <div class='ocr_carea' id='block_1_2' title="bbox 129 428 1820 2837">
    <p class='ocr_par' dir='ltr' id='par_1_2' title="bbox 129 428 1807 1007">
     <span class='ocr_line' id='line_1_2' title="bbox 129 428 1802 493; baseline 0.001 -17"><span class='ocrx_word' id='word_1_4' title='bbox 129 446 393 471; x_wconf 70' lang='lat' dir='ltr'>con&#39;rnovssn-</span> <span class='ocrx_word' id='word_1_5' title='bbox 412 428 686 493; x_wconf 88' lang='lat' dir='ltr'>gitudinem</span> <span class='ocrx_word' id='word_1_6' title='bbox 706 429 911 493; x_wconf 87' lang='lat' dir='ltr'>intelligi</span> <span class='ocrx_word' id='word_1_7' title='bbox 935 445 1091 493; x_wconf 88' lang='lat' dir='ltr'>posse,</span> <span class='ocrx_word' id='word_1_8' title='bbox 1118 428 1202 476; x_wconf 90' lang='lat' dir='ltr'>sed</span> <span class='ocrx_word' id='word_1_9' title='bbox 1227 429 1276 476; x_wconf 92' lang='lat' dir='ltr'>in</span> <span class='ocrx_word' id='word_1_10' title='bbox 1301 445 1397 492; x_wconf 92' lang='lat' dir='ltr'>quo</span> <span class='ocrx_word' id='word_1_11' title='bbox 1421 429 1530 476; x_wconf 90' lang='lat' dir='ltr'>loco</span> <span class='ocrx_word' id='word_1_12' title='bbox 1555 429 1677 477; x_wconf 87' lang='lat' dir='ltr'>scire</span> <span class='ocrx_word' id='word_1_13' title='bbox 1701 445 1802 477; x_wconf 90' lang='lat' dir='ltr'>non</span> 
     </span>
     <span class='ocr_line' id='line_1_3' title="bbox 198 500 1801 568; baseline 0 -16"><span class='ocrx_word' id='word_1_14' title='bbox 198 500 261 524; x_wconf 63' lang='lat'>⁸¹²⁴*</span> <span class='ocrx_word' id='word_1_15' title='bbox 282 500 320 525; x_wconf 64' lang='lat' dir='ltr'>V·</span> <span class='ocrx_word' id='word_1_16' title='bbox 349 545 354 551; x_wconf 90' lang='lat'><em>.</em></span> <span class='ocrx_word' id='word_1_17' title='bbox 412 521 625 568; x_wconf 89' lang='lat' dir='ltr'>possum.</span> <span class='ocrx_word' id='word_1_18' title='bbox 694 506 767 553; x_wconf 86' lang='lat' dir='ltr'>Ex</span> <span class='ocrx_word' id='word_1_19' title='bbox 787 506 880 553; x_wconf 92' lang='lat' dir='ltr'>hac</span> <span class='ocrx_word' id='word_1_20' title='bbox 905 505 1190 553; x_wconf 87' lang='lat' dir='ltr'>difficultate</span> <span class='ocrx_word' id='word_1_21' title='bbox 1217 505 1432 552; x_wconf 88' lang='lat' dir='ltr'>nascitur</span> <span class='ocrx_word' id='word_1_22' title='bbox 1456 505 1574 553; x_wconf 88' lang='lat' dir='ltr'>alia:</span> <span class='ocrx_word' id='word_1_23' title='bbox 1610 521 1801 568; x_wconf 86' lang='lat' dir='ltr'><strong>nempe,</strong></span> 
     </span>
     <span class='ocr_line' id='line_1_4' title="bbox 413 577 1802 644; baseline -0.001 -15"><span class='ocrx_word' id='word_1_24' title='bbox 413 597 478 629; x_wconf 89' lang='lat' dir='ltr'>an</span> <span class='ocrx_word' id='word_1_25' title='bbox 527 582 734 644; x_wconf 90' lang='lat' dir='ltr'>angulus</span> <span class='ocrx_word' id='word_1_26' title='bbox 764 581 897 629; x_wconf 91' lang='lat' dir='ltr'>ABD</span> <span class='ocrx_word' id='word_1_27' title='bbox 935 583 1037 644; x_wconf 90' lang='lat' dir='ltr'>(fig.</span> <span class='ocrx_word' id='word_1_28' title='bbox 1064 582 1139 642; x_wconf 88' lang='lat' dir='ltr'>ii),</span> <span class='ocrx_word' id='word_1_29' title='bbox 1175 580 1333 628; x_wconf 86' lang='lat' dir='ltr'>factus</span> <span class='ocrx_word' id='word_1_30' title='bbox 1374 597 1403 628; x_wconf 86' lang='lat' dir='ltr'>a</span> <span class='ocrx_word' id='word_1_31' title='bbox 1441 577 1802 628; x_wconf 69' lang='lat' dir='ltr'><strong>semidiametro</strong></span> 
     </span>
     <span class='ocr_line' id='line_1_5' title="bbox 415 655 1803 719; baseline -0.001 -14"><span class='ocrx_word' id='word_1_32' title='bbox 415 658 502 705; x_wconf 90' lang='lat' dir='ltr'>AB</span> <span class='ocrx_word' id='word_1_33' title='bbox 527 665 576 705; x_wconf 90' lang='lat' dir='ltr'>et</span> <span class='ocrx_word' id='word_1_34' title='bbox 608 674 726 705; x_wconf 84' lang='lat' dir='ltr'>arcu</span> <span class='ocrx_word' id='word_1_35' title='bbox 760 657 862 715; x_wconf 93' lang='lat' dir='ltr'>BD,</span> <span class='ocrx_word' id='word_1_36' title='bbox 889 657 950 704; x_wconf 91' lang='lat' dir='ltr'>sit</span> <span class='ocrx_word' id='word_1_37' title='bbox 986 664 1162 714; x_wconf 83' lang='lat' dir='ltr'>rectuS,</span> <span class='ocrx_word' id='word_1_38' title='bbox 1188 656 1238 703; x_wconf 92' lang='lat' dir='ltr'>id</span> <span class='ocrx_word' id='word_1_39' title='bbox 1278 664 1366 713; x_wconf 91' lang='lat' dir='ltr'>est,</span> <span class='ocrx_word' id='word_1_40' title='bbox 1391 656 1591 719; x_wconf 82' lang='lat' dir='ltr'>aequalis</span> <span class='ocrx_word' id='word_1_41' title='bbox 1624 655 1803 719; x_wconf 91' lang='lat' dir='ltr'>angulo</span> 
     </span>
     <span class='ocr_line' id='line_1_6' title="bbox 415 731 1806 795; baseline -0.001 -15"><span class='ocrx_word' id='word_1_42' title='bbox 415 733 563 781; x_wconf 90' lang='lat' dir='ltr'>ABC.</span> <span class='ocrx_word' id='word_1_43' title='bbox 633 732 880 780; x_wconf 86' lang='lat' dir='ltr'>Wallisius</span> <span class='ocrx_word' id='word_1_44' title='bbox 914 732 1153 779; x_wconf 84' lang='lat' dir='ltr'>minorem</span> <span class='ocrx_word' id='word_1_45' title='bbox 1178 747 1281 779; x_wconf 87' lang='lat' dir='ltr'>esse</span> <span class='ocrx_word' id='word_1_46' title='bbox 1306 731 1443 790; x_wconf 91' lang='lat' dir='ltr'>dicit,</span> <span class='ocrx_word' id='word_1_47' title='bbox 1469 739 1706 795; x_wconf 89' lang='lat' dir='ltr'>quantum</span> <span class='ocrx_word' id='word_1_48' title='bbox 1732 739 1806 779; x_wconf 91' lang='lat' dir='ltr'>est</span> 
     </span>
     <span class='ocr_line' id='line_1_7' title="bbox 414 808 1806 872; baseline 0 -17"><span class='ocrx_word' id='word_1_49' title='bbox 414 809 621 871; x_wconf 89' lang='lat' dir='ltr'>angulus</span> <span class='ocrx_word' id='word_1_50' title='bbox 645 808 805 856; x_wconf 87' lang='lat' dir='ltr'>factus</span> <span class='ocrx_word' id='word_1_51' title='bbox 830 824 858 855; x_wconf 91' lang='lat' dir='ltr'>a</span> <span class='ocrx_word' id='word_1_52' title='bbox 882 815 1016 855; x_wconf 86' lang='lat' dir='ltr'>recta</span> <span class='ocrx_word' id='word_1_53' title='bbox 1042 808 1122 855; x_wconf 90' lang='lat' dir='ltr'>BC</span> <span class='ocrx_word' id='word_1_54' title='bbox 1144 816 1192 855; x_wconf 90' lang='lat' dir='ltr'>et</span> <span class='ocrx_word' id='word_1_55' title='bbox 1215 824 1333 855; x_wconf 84' lang='lat' dir='ltr'>arcu</span> <span class='ocrx_word' id='word_1_56' title='bbox 1353 808 1456 866; x_wconf 92' lang='lat' dir='ltr'>BD,</span> <span class='ocrx_word' id='word_1_57' title='bbox 1473 824 1616 870; x_wconf 89' lang='lat' dir='ltr'>quem</span> <span class='ocrx_word' id='word_1_58' title='bbox 1641 808 1806 872; x_wconf 87' lang='lat' dir='ltr'>appel-</span> 
     </span>
     <span class='ocr_line' id='line_1_8' title="bbox 414 884 1807 947; baseline 0 -16"><span class='ocrx_word' id='word_1_59' title='bbox 414 884 518 932; x_wconf 88' lang='lat' dir='ltr'>lant</span> <span class='ocrx_word' id='word_1_60' title='bbox 542 884 775 947; x_wconf 86' lang='lat' dir='ltr'>angulum</span> <span class='ocrx_word' id='word_1_61' title='bbox 800 891 1069 931; x_wconf 87' lang='lat' dir='ltr'>contactus.</span> <span class='ocrx_word' id='word_1_62' title='bbox 1142 884 1421 931; x_wconf 89' lang='lat' dir='ltr'>Hobbesius</span> <span class='ocrx_word' id='word_1_63' title='bbox 1440 884 1677 947; x_wconf 81' lang='lat' dir='ltr'>aequalem</span> <span class='ocrx_word' id='word_1_64' title='bbox 1701 899 1807 932; x_wconf 87' lang='lat' dir='ltr'>esse</span> 
     </span>
     <span class='ocr_line' id='line_1_9' title="bbox 416 960 550 1007; baseline 0 0"><span class='ocrx_word' id='word_1_65' title='bbox 416 960 550 1007; x_wconf 87' lang='lat' dir='ltr'>dicit.</span> 
     </span>
    </p>

    <p class='ocr_par' dir='ltr' id='par_1_3' title="bbox 417 1034 1816 1931">
     <span class='ocr_line' id='line_1_10' title="bbox 483 1034 1809 1099; baseline -0.001 -16"><span class='ocrx_word' id='word_1_66' title='bbox 483 1035 806 1083; x_wconf 90' lang='lat' dir='ltr'>Dissentionis</span> <span class='ocrx_word' id='word_1_67' title='bbox 830 1051 975 1082; x_wconf 87' lang='lat' dir='ltr'>causa</span> <span class='ocrx_word' id='word_1_68' title='bbox 1000 1042 1074 1082; x_wconf 87' lang='lat' dir='ltr'>est</span> <span class='ocrx_word' id='word_1_69' title='bbox 1114 1034 1442 1082; x_wconf 71' lang='lat' dir='ltr'>definitionis*</span> <span class='ocrx_word' id='word_1_70' title='bbox 1478 1035 1642 1098; x_wconf 88' lang='lat' dir='ltr'>anguli</span> <span class='ocrx_word' id='word_1_71' title='bbox 1676 1035 1809 1099; x_wconf 90' lang='lat' dir='ltr'>plani</span> 
     </span>
     <span class='ocr_line' id='line_1_11' title="bbox 417 1110 1810 1174; baseline -0.001 -15"><span class='ocrx_word' id='word_1_72' title='bbox 417 1111 548 1174; x_wconf 90' lang='lat' dir='ltr'>apud</span> <span class='ocrx_word' id='word_1_73' title='bbox 564 1111 815 1158; x_wconf 84' lang='lat' dir='ltr'>Euclidem</span> <span class='ocrx_word' id='word_1_74' title='bbox 834 1127 931 1158; x_wconf 92' lang='lat' dir='ltr'>non</span> <span class='ocrx_word' id='word_1_75' title='bbox 948 1110 1132 1173; x_wconf 82' lang='lat' dir='ltr'>pariter</span> <span class='ocrx_word' id='word_1_76' title='bbox 1150 1110 1415 1157; x_wconf 89' lang='lat' dir='ltr'>intellecta.</span> <span class='ocrx_word' id='word_1_77' title='bbox 1453 1110 1685 1158; x_wconf 87' lang='lat' dir='ltr'>Definitio</span> <span class='ocrx_word' id='word_1_78' title='bbox 1704 1111 1810 1158; x_wconf 87' lang='lat' dir='ltr'>haec</span> 
     </span>
     <span class='ocr_line' id='line_1_12' title="bbox 417 1185 1809 1251; baseline -0.001 -16"><span class='ocrx_word' id='word_1_79' title='bbox 417 1195 517 1235; x_wconf 89' lang='lat' dir='ltr'>est:</span> <span class='ocrx_word' id='word_1_80' title='bbox 542 1185 769 1251; x_wconf 72' lang='lat' dir='ltr'>Angulus</span> <span class='ocrx_word' id='word_1_81' title='bbox 784 1185 974 1250; x_wconf 75' lang='lat' dir='ltr'>planus</span> <span class='ocrx_word' id='word_1_82' title='bbox 993 1192 1067 1232; x_wconf 72' lang='lat' dir='ltr'>est</span> <span class='ocrx_word' id='word_1_83' title='bbox 1088 1186 1293 1233; x_wconf 80' lang='lat' dir='ltr'>duarum</span> <span class='ocrx_word' id='word_1_84' title='bbox 1314 1185 1553 1233; x_wconf 79' lang='lat' dir='ltr'>linearum</span> <span class='ocrx_word' id='word_1_85' title='bbox 1574 1186 1624 1234; x_wconf 87' lang='lat' dir='ltr'>in</span> <span class='ocrx_word' id='word_1_86' title='bbox 1633 1186 1809 1251; x_wconf 80' lang='lat' dir='ltr'>planO,</span> 
     </span>
     <span class='ocr_line' id='line_1_13' title="bbox 417 1261 1813 1324; baseline 0 -14"><span class='ocrx_word' id='word_1_87' title='bbox 417 1262 571 1310; x_wconf 83' lang='lat' dir='ltr'>necin</span> <span class='ocrx_word' id='word_1_88' title='bbox 588 1262 830 1309; x_wconf 80' lang='lat' dir='ltr'>directum</span> <span class='ocrx_word' id='word_1_89' title='bbox 842 1261 1283 1324; x_wconf 74' lang='lat' dir='ltr'>jaeentium,unius</span> <span class='ocrx_word' id='word_1_90' title='bbox 1298 1261 1371 1309; x_wconf 83' lang='lat' dir='ltr'>ad</span> <span class='ocrx_word' id='word_1_91' title='bbox 1385 1261 1594 1309; x_wconf 81' lang='lat' dir='ltr'>alteram</span> <span class='ocrx_word' id='word_1_92' title='bbox 1611 1262 1813 1310; x_wconf 80' lang='lat' dir='ltr'>inclina·</span> 
     </span>
     <span class='ocr_line' id='line_1_14' title="bbox 418 1337 1811 1401; baseline 0 -15"><span class='ocrx_word' id='word_1_93' title='bbox 418 1339 503 1386; x_wconf 82' lang='lat' dir='ltr'>tio.</span> <span class='ocrx_word' id='word_1_94' title='bbox 542 1339 615 1385; x_wconf 86' lang='lat' dir='ltr'>Ex</span> <span class='ocrx_word' id='word_1_95' title='bbox 633 1354 731 1401; x_wconf 87' lang='lat' dir='ltr'>qua</span> <span class='ocrx_word' id='word_1_96' title='bbox 748 1337 1030 1385; x_wconf 89' lang='lat' dir='ltr'>definitione</span> <span class='ocrx_word' id='word_1_97' title='bbox 1051 1337 1186 1400; x_wconf 91' lang='lat' dir='ltr'>sequi</span> <span class='ocrx_word' id='word_1_98' title='bbox 1201 1337 1448 1385; x_wconf 86' lang='lat' dir='ltr'>Wallisius</span> <span class='ocrx_word' id='word_1_99' title='bbox 1466 1345 1609 1401; x_wconf 91' lang='lat' dir='ltr'>putat</span> <span class='ocrx_word' id='word_1_100' title='bbox 1624 1347 1811 1386; x_wconf 88' lang='lat' dir='ltr'>rectam</span> 
     </span>
     <span class='ocr_line' id='line_1_15' title="bbox 419 1412 1811 1477; baseline 0 -15"><span class='ocrx_word' id='word_1_101' title='bbox 419 1414 503 1462; x_wconf 91' lang='lat' dir='ltr'>BC</span> <span class='ocrx_word' id='word_1_102' title='bbox 528 1430 639 1461; x_wconf 91' lang='lat' dir='ltr'>cum</span> <span class='ocrx_word' id='word_1_103' title='bbox 665 1429 783 1460; x_wconf 87' lang='lat' dir='ltr'>arcu</span> <span class='ocrx_word' id='word_1_104' title='bbox 809 1413 895 1460; x_wconf 92' lang='lat' dir='ltr'>BD</span> <span class='ocrx_word' id='word_1_105' title='bbox 920 1412 1080 1460; x_wconf 86' lang='lat' dir='ltr'>facere</span> <span class='ocrx_word' id='word_1_106' title='bbox 1105 1412 1354 1475; x_wconf 84' lang='lat' dir='ltr'>angulum,</span> <span class='ocrx_word' id='word_1_107' title='bbox 1379 1421 1432 1462; x_wconf 90' lang='lat' dir='ltr'>et</span> <span class='ocrx_word' id='word_1_108' title='bbox 1455 1413 1651 1477; x_wconf 90' lang='lat' dir='ltr'>quidem</span> <span class='ocrx_word' id='word_1_109' title='bbox 1683 1415 1811 1477; x_wconf 87' lang='lat' dir='ltr'>ejus-</span> 
     </span>
     <span class='ocr_line' id='line_1_16' title="bbox 419 1487 1813 1551; baseline 0.001 -15"><span class='ocrx_word' id='word_1_110' title='bbox 419 1489 531 1536; x_wconf 90' lang='lat' dir='ltr'>dem</span> <span class='ocrx_word' id='word_1_111' title='bbox 555 1488 748 1551; x_wconf 88' lang='lat' dir='ltr'>generis</span> <span class='ocrx_word' id='word_1_112' title='bbox 781 1504 893 1535; x_wconf 89' lang='lat' dir='ltr'>cum</span> <span class='ocrx_word' id='word_1_113' title='bbox 924 1487 1104 1551; x_wconf 88' lang='lat' dir='ltr'>angulo</span> <span class='ocrx_word' id='word_1_114' title='bbox 1140 1487 1284 1535; x_wconf 90' lang='lat' dir='ltr'>ABC.</span> <span class='ocrx_word' id='word_1_115' title='bbox 1356 1488 1502 1537; x_wconf 75' lang='lat' dir='ltr'>Quod</span> <span class='ocrx_word' id='word_1_116' title='bbox 1536 1488 1813 1538; x_wconf 88' lang='lat' dir='ltr'>Hobbesius</span> 
     </span>
     <span class='ocr_line' id='line_1_17' title="bbox 418 1563 1815 1627; baseline 0.001 -16"><span class='ocrx_word' id='word_1_117' title='bbox 418 1572 600 1627; x_wconf 89' lang='lat' dir='ltr'>negat;</span> <span class='ocrx_word' id='word_1_118' title='bbox 637 1564 967 1627; x_wconf 84' lang='lat' dir='ltr'>angulumque</span> <span class='ocrx_word' id='word_1_119' title='bbox 997 1563 1214 1626; x_wconf 90' lang='lat' dir='ltr'>planum,</span> <span class='ocrx_word' id='word_1_120' title='bbox 1240 1563 1321 1611; x_wconf 78' lang='lat' dir='ltr'>et*</span> <span class='ocrx_word' id='word_1_121' title='bbox 1347 1565 1463 1612; x_wconf 88' lang='lat' dir='ltr'>satis</span> <span class='ocrx_word' id='word_1_122' title='bbox 1499 1564 1562 1612; x_wconf 88' lang='lat' dir='ltr'>ad</span> <span class='ocrx_word' id='word_1_123' title='bbox 1598 1574 1815 1613; x_wconf 87' lang='lat' dir='ltr'>mentem</span> 
     </span>
     <span class='ocr_line' id='line_1_18' title="bbox 418 1639 1816 1705; baseline 0.001 -17"><span class='ocrx_word' id='word_1_124' title='bbox 418 1639 651 1697; x_wconf 90' lang='lat' dir='ltr'>Euclidis,</span> <span class='ocrx_word' id='word_1_125' title='bbox 672 1639 850 1687; x_wconf 80' lang='lat' dir='ltr'>clarius</span> <span class='ocrx_word' id='word_1_126' title='bbox 870 1639 1039 1687; x_wconf 86' lang='lat' dir='ltr'>definit</span> <span class='ocrx_word' id='word_1_127' title='bbox 1062 1639 1156 1687; x_wconf 91' lang='lat' dir='ltr'>hoc</span> <span class='ocrx_word' id='word_1_128' title='bbox 1175 1639 1345 1687; x_wconf 88' lang='lat' dir='ltr'>modo:</span> <span class='ocrx_word' id='word_1_129' title='bbox 1380 1639 1612 1705; x_wconf 74' lang='lat' dir='ltr'>Angnlus</span> <span class='ocrx_word' id='word_1_130' title='bbox 1626 1639 1816 1705; x_wconf 76' lang='lat' dir='ltr'>planus</span> 
     </span>
     <span class='ocr_line' id='line_1_19' title="bbox 420 1714 1816 1780; baseline 0.001 -17"><span class='ocrx_word' id='word_1_131' title='bbox 420 1722 498 1763; x_wconf 78' lang='lat' dir='ltr'>est</span> <span class='ocrx_word' id='word_1_132' title='bbox 522 1715 607 1779; x_wconf 80' lang='lat' dir='ltr'>qui</span> <span class='ocrx_word' id='word_1_133' title='bbox 626 1716 700 1778; x_wconf 80' lang='lat' dir='ltr'>fit</span> <span class='ocrx_word' id='word_1_134' title='bbox 740 1733 802 1763; x_wconf 77' lang='lat' dir='ltr'>ex</span> <span class='ocrx_word' id='word_1_135' title='bbox 839 1714 1175 1779; x_wconf 76' lang='lat' dir='ltr'>descriptione</span> <span class='ocrx_word' id='word_1_136' title='bbox 1205 1714 1397 1773; x_wconf 83' lang='lat' dir='ltr'>circuli,</span> <span class='ocrx_word' id='word_1_137' title='bbox 1422 1722 1472 1763; x_wconf 91' lang='lat' dir='ltr'>et</span> <span class='ocrx_word' id='word_1_138' title='bbox 1495 1716 1816 1780; x_wconf 82' lang='lat' dir='ltr'>quantitatem</span> 
     </span>
     <span class='ocr_line' id='line_1_20' title="bbox 420 1789 1816 1854; baseline 0.001 -16"><span class='ocrx_word' id='word_1_139' title='bbox 420 1791 567 1839; x_wconf 80' lang='lat' dir='ltr'>habet</span> <span class='ocrx_word' id='word_1_140' title='bbox 607 1791 810 1839; x_wconf 82' lang='lat' dir='ltr'>eandem</span> <span class='ocrx_word' id='word_1_141' title='bbox 842 1808 982 1854; x_wconf 80' lang='lat' dir='ltr'>quam</span> <span class='ocrx_word' id='word_1_142' title='bbox 1011 1789 1155 1838; x_wconf 83' lang='lat' dir='ltr'>habet</span> <span class='ocrx_word' id='word_1_143' title='bbox 1193 1790 1326 1838; x_wconf 79' lang='lat' dir='ltr'>ratio</span> <span class='ocrx_word' id='word_1_144' title='bbox 1359 1807 1507 1838; x_wconf 75' lang='lat' dir='ltr'>arens</span> <span class='ocrx_word' id='word_1_145' title='bbox 1542 1808 1574 1839; x_wconf 84' lang='lat' dir='ltr'><em>a</em></span> <span class='ocrx_word' id='word_1_146' title='bbox 1610 1791 1763 1839; x_wconf 74' lang='lat' dir='ltr'>rectis</span> <span class='ocrx_word' id='word_1_147' title='bbox 1787 1808 1816 1840; x_wconf 86' lang='lat' dir='ltr'>e</span> 
     </span>
     <span class='ocr_line' id='line_1_21' title="bbox 422 1865 1506 1931; baseline 0 -17"><span class='ocrx_word' id='word_1_148' title='bbox 422 1873 593 1914; x_wconf 85' lang='lat' dir='ltr'>centro</span> <span class='ocrx_word' id='word_1_149' title='bbox 618 1866 885 1931; x_wconf 79' lang='lat' dir='ltr'>intercepti</span> <span class='ocrx_word' id='word_1_150' title='bbox 909 1865 981 1913; x_wconf 84' lang='lat' dir='ltr'>ad</span> <span class='ocrx_word' id='word_1_151' title='bbox 1001 1872 1152 1913; x_wconf 84' lang='lat' dir='ltr'>totam</span> <span class='ocrx_word' id='word_1_152' title='bbox 1167 1866 1506 1930; x_wconf 82' lang='lat' dir='ltr'>perimetrnm.</span> 
     </span>
    </p>

    <p class='ocr_par' dir='ltr' id='par_1_4' title="bbox 422 1941 1820 2759">
     <span class='ocr_line' id='line_1_22' title="bbox 481 1941 1817 2006; baseline 0.001 -16"><span class='ocrx_word' id='word_1_153' title='bbox 481 1942 596 1990; x_wconf 91' lang='lat' dir='ltr'>Non</span> <span class='ocrx_word' id='word_1_154' title='bbox 613 1950 687 1989; x_wconf 91' lang='lat' dir='ltr'>est</span> <span class='ocrx_word' id='word_1_155' title='bbox 707 1958 823 2005; x_wconf 89' lang='lat' dir='ltr'>ergo</span> <span class='ocrx_word' id='word_1_156' title='bbox 838 1941 1044 2004; x_wconf 90' lang='lat' dir='ltr'>angulus</span> <span class='ocrx_word' id='word_1_157' title='bbox 1060 1949 1315 1989; x_wconf 88' lang='lat' dir='ltr'>contactus</span> <span class='ocrx_word' id='word_1_158' title='bbox 1331 1942 1579 2005; x_wconf 84' lang='lat' dir='ltr'>quantitas</span> <span class='ocrx_word' id='word_1_159' title='bbox 1598 1942 1817 2006; x_wconf 89' lang='lat' dir='ltr'>ejusdem</span> 
     </span>
     <span class='ocr_line' id='line_1_23' title="bbox 422 2017 1818 2081; baseline 0.002 -17"><span class='ocrx_word' id='word_1_160' title='bbox 422 2017 615 2080; x_wconf 88' lang='lat' dir='ltr'>generis</span> <span class='ocrx_word' id='word_1_161' title='bbox 640 2033 751 2064; x_wconf 93' lang='lat' dir='ltr'>cum</span> <span class='ocrx_word' id='word_1_162' title='bbox 786 2017 1060 2080; x_wconf 87' lang='lat' dir='ltr'>quantitate</span> <span class='ocrx_word' id='word_1_163' title='bbox 1085 2017 1252 2079; x_wconf 89' lang='lat' dir='ltr'>anguli</span> <span class='ocrx_word' id='word_1_164' title='bbox 1288 2017 1406 2065; x_wconf 88' lang='lat' dir='ltr'>facti</span> <span class='ocrx_word' id='word_1_165' title='bbox 1428 2034 1516 2081; x_wconf 88' lang='lat' dir='ltr'>per</span> <span class='ocrx_word' id='word_1_166' title='bbox 1539 2018 1818 2068; x_wconf 87' lang='lat' dir='ltr'>circulatio-</span> 
     </span>
     <span class='ocr_line' id='line_1_24' title="bbox 423 2092 1818 2157; baseline 0.002 -17"><span class='ocrx_word' id='word_1_167' title='bbox 423 2109 553 2141; x_wconf 89' lang='lat' dir='ltr'>nem.</span> <span class='ocrx_word' id='word_1_168' title='bbox 614 2092 762 2141; x_wconf 76' lang='lat' dir='ltr'>Quod</span> <span class='ocrx_word' id='word_1_169' title='bbox 781 2092 929 2139; x_wconf 90' lang='lat' dir='ltr'>etiam</span> <span class='ocrx_word' id='word_1_170' title='bbox 949 2093 1207 2139; x_wconf 82' lang='lat' dir='ltr'>confirmat</span> <span class='ocrx_word' id='word_1_171' title='bbox 1230 2093 1472 2152; x_wconf 89' lang='lat' dir='ltr'>Euclides,</span> <span class='ocrx_word' id='word_1_172' title='bbox 1497 2094 1581 2157; x_wconf 91' lang='lat' dir='ltr'>qui</span> <span class='ocrx_word' id='word_1_173' title='bbox 1599 2094 1818 2157; x_wconf 89' lang='lat' dir='ltr'>ejusdem</span> 
     </span>
     <span class='ocr_line' id='line_1_25' title="bbox 422 2167 1818 2234; baseline 0.003 -19"><span class='ocrx_word' id='word_1_174' title='bbox 422 2167 616 2231; x_wconf 86' lang='lat' dir='ltr'>generis</span> <span class='ocrx_word' id='word_1_175' title='bbox 664 2168 962 2230; x_wconf 84' lang='lat' dir='ltr'>quantitates</span> <span class='ocrx_word' id='word_1_176' title='bbox 1003 2183 1107 2215; x_wconf 86' lang='lat' dir='ltr'>esse</span> <span class='ocrx_word' id='word_1_177' title='bbox 1148 2177 1297 2231; x_wconf 90' lang='lat' dir='ltr'>negat</span> <span class='ocrx_word' id='word_1_178' title='bbox 1336 2185 1444 2232; x_wconf 82' lang='lat' dir='ltr'>quae</span> <span class='ocrx_word' id='word_1_179' title='bbox 1480 2170 1818 2234; x_wconf 86' lang='lat' dir='ltr'>multiplicatae</span> 
     </span>
     <span class='ocr_line' id='line_1_26' title="bbox 424 2245 1818 2307; baseline 0.002 -15"><span class='ocrx_word' id='word_1_180' title='bbox 424 2260 523 2292; x_wconf 91' lang='lat' dir='ltr'>non</span> <span class='ocrx_word' id='word_1_181' title='bbox 546 2251 752 2307; x_wconf 82' lang='lat' dir='ltr'>possunt</span> <span class='ocrx_word' id='word_1_182' title='bbox 782 2259 833 2290; x_wconf 88' lang='lat' dir='ltr'>se</span> <span class='ocrx_word' id='word_1_183' title='bbox 857 2251 1028 2291; x_wconf 91' lang='lat' dir='ltr'>mutuo</span> <span class='ocrx_word' id='word_1_184' title='bbox 1061 2259 1305 2306; x_wconf 89' lang='lat' dir='ltr'>superare.</span> <span class='ocrx_word' id='word_1_185' title='bbox 1377 2245 1633 2302; x_wconf 80' lang='lat' dir='ltr'>Praeterea,</span> <span class='ocrx_word' id='word_1_186' title='bbox 1658 2245 1699 2294; x_wconf 89' lang='lat' dir='ltr'>si</span> <span class='ocrx_word' id='word_1_187' title='bbox 1731 2245 1818 2295; x_wconf 86' lang='lat' dir='ltr'>da-</span> 
     </span>
     <span class='ocr_line' id='line_1_27' title="bbox 423 2318 1820 2383; baseline 0.002 -16"><span class='ocrx_word' id='word_1_188' title='bbox 423 2326 560 2367; x_wconf 87' lang='lat' dir='ltr'>retur</span> <span class='ocrx_word' id='word_1_189' title='bbox 584 2320 820 2382; x_wconf 87' lang='lat' dir='ltr'>majorem</span> <span class='ocrx_word' id='word_1_190' title='bbox 844 2334 948 2366; x_wconf 89' lang='lat' dir='ltr'>esse</span> <span class='ocrx_word' id='word_1_191' title='bbox 981 2318 1212 2381; x_wconf 91' lang='lat' dir='ltr'>angulum</span> <span class='ocrx_word' id='word_1_192' title='bbox 1236 2327 1424 2367; x_wconf 90' lang='lat' dir='ltr'>rectum</span> <span class='ocrx_word' id='word_1_193' title='bbox 1460 2321 1641 2383; x_wconf 87' lang='lat' dir='ltr'>angulo</span> <span class='ocrx_word' id='word_1_194' title='bbox 1674 2322 1820 2370; x_wconf 91' lang='lat' dir='ltr'>semi-</span> 
     </span>
     <span class='ocr_line' id='line_1_28' title="bbox 425 2394 1818 2458; baseline 0.003 -16"><span class='ocrx_word' id='word_1_195' title='bbox 425 2394 611 2453; x_wconf 87' lang='lat' dir='ltr'>circuli,</span> <span class='ocrx_word' id='word_1_196' title='bbox 650 2402 936 2457; x_wconf 88' lang='lat' dir='ltr'>sequeretur</span> <span class='ocrx_word' id='word_1_197' title='bbox 981 2394 1056 2454; x_wconf 90' lang='lat' dir='ltr'>(ut</span> <span class='ocrx_word' id='word_1_198' title='bbox 1101 2395 1291 2443; x_wconf 88' lang='lat' dir='ltr'>notavit</span> <span class='ocrx_word' id='word_1_199' title='bbox 1336 2395 1452 2443; x_wconf 89' lang='lat' dir='ltr'>olim</span> <span class='ocrx_word' id='word_1_200' title='bbox 1500 2396 1662 2458; x_wconf 86' lang='lat' dir='ltr'>Briso)</span> <span class='ocrx_word' id='word_1_201' title='bbox 1711 2399 1818 2446; x_wconf 91' lang='lat' dir='ltr'>fieri</span> 
     </span>
     <span class='ocr_line' id='line_1_29' title="bbox 422 2469 1819 2536; baseline 0.002 -18"><span class='ocrx_word' id='word_1_202' title='bbox 422 2485 580 2534; x_wconf 88' lang='lat' dir='ltr'>posse,</span> <span class='ocrx_word' id='word_1_203' title='bbox 606 2478 663 2517; x_wconf 88' lang='lat' dir='ltr'>ut</span> <span class='ocrx_word' id='word_1_204' title='bbox 687 2470 893 2517; x_wconf 88' lang='lat' dir='ltr'>duarum</span> <span class='ocrx_word' id='word_1_205' title='bbox 917 2469 1248 2532; x_wconf 88' lang='lat' dir='ltr'>quantitatum</span> <span class='ocrx_word' id='word_1_206' title='bbox 1267 2470 1426 2518; x_wconf 90' lang='lat' dir='ltr'>minor</span> <span class='ocrx_word' id='word_1_207' title='bbox 1449 2473 1683 2521; x_wconf 88' lang='lat' dir='ltr'>continuo</span> <span class='ocrx_word' id='word_1_208' title='bbox 1707 2489 1819 2536; x_wconf 87' lang='lat' dir='ltr'>pro-</span> 
     </span>
     <span class='ocr_line' id='line_1_30' title="bbox 423 2544 1816 2611; baseline 0.002 -17"><span class='ocrx_word' id='word_1_209' title='bbox 423 2561 596 2609; x_wconf 89' lang='lat' dir='ltr'>gressu</span> <span class='ocrx_word' id='word_1_210' title='bbox 641 2544 810 2609; x_wconf 86' lang='lat' dir='ltr'>augeri</span> <span class='ocrx_word' id='word_1_211' title='bbox 855 2552 1024 2608; x_wconf 87' lang='lat' dir='ltr'>posset</span> <span class='ocrx_word' id='word_1_212' title='bbox 1070 2544 1227 2593; x_wconf 90' lang='lat' dir='ltr'>donec</span> <span class='ocrx_word' id='word_1_213' title='bbox 1268 2547 1505 2609; x_wconf 88' lang='lat' dir='ltr'>majorem</span> <span class='ocrx_word' id='word_1_214' title='bbox 1546 2558 1816 2611; x_wconf 85' lang='lat' dir='ltr'>superaret,</span> 
     </span>
     <span class='ocr_line' id='line_1_31' title="bbox 422 2622 1819 2685; baseline 0.004 -16"><span class='ocrx_word' id='word_1_215' title='bbox 422 2636 514 2669; x_wconf 89' lang='lat' dir='ltr'>nec</span> <span class='ocrx_word' id='word_1_216' title='bbox 552 2628 717 2669; x_wconf 85' lang='lat' dir='ltr'>tamen</span> <span class='ocrx_word' id='word_1_217' title='bbox 757 2627 814 2667; x_wconf 93' lang='lat' dir='ltr'>ut</span> <span class='ocrx_word' id='word_1_218' title='bbox 853 2627 1072 2668; x_wconf 86' lang='lat' dir='ltr'>transeat</span> <span class='ocrx_word' id='word_1_219' title='bbox 1110 2636 1199 2684; x_wconf 88' lang='lat' dir='ltr'>per</span> <span class='ocrx_word' id='word_1_220' title='bbox 1237 2622 1485 2685; x_wconf 84' lang='lat' dir='ltr'>aequalem.</span> <span class='ocrx_word' id='word_1_221' title='bbox 1559 2623 1707 2673; x_wconf 79' lang='lat' dir='ltr'>Quod</span> <span class='ocrx_word' id='word_1_222' title='bbox 1743 2633 1819 2674; x_wconf 88' lang='lat' dir='ltr'>est</span> 
     </span>
     <span class='ocr_line' id='line_1_32' title="bbox 422 2695 1749 2759; baseline 0.004 -16"><span class='ocrx_word' id='word_1_223' title='bbox 422 2696 630 2744; x_wconf 89' lang='lat' dir='ltr'>monstri</span> <span class='ocrx_word' id='word_1_224' title='bbox 653 2696 824 2744; x_wconf 90' lang='lat' dir='ltr'>simile.</span> <span class='ocrx_word' id='word_1_225' title='bbox 895 2695 1085 2743; x_wconf 90' lang='lat' dir='ltr'>Censeo</span> <span class='ocrx_word' id='word_1_226' title='bbox 1110 2711 1227 2759; x_wconf 89' lang='lat' dir='ltr'>ergo</span> <span class='ocrx_word' id='word_1_227' title='bbox 1252 2712 1437 2746; x_wconf 86' lang='lat' dir='ltr'>errasse</span> <span class='ocrx_word' id='word_1_228' title='bbox 1460 2698 1749 2748; x_wconf 87' lang='lat' dir='ltr'>Wallisium.</span> 
     </span>
    </p>

    <p class='ocr_par' dir='ltr' id='par_1_5' title="bbox 491 2771 1818 2837">
     <span class='ocr_line' id='line_1_33' title="bbox 491 2771 1818 2837; baseline 0.003 -17"><span class='ocrx_word' id='word_1_229' title='bbox 491 2773 749 2821; x_wconf 88' lang='lat' dir='ltr'>Hactenus</span> <span class='ocrx_word' id='word_1_230' title='bbox 774 2771 984 2821; x_wconf 85' lang='lat' dir='ltr'>vidimus</span> <span class='ocrx_word' id='word_1_231' title='bbox 1011 2771 1317 2820; x_wconf 89' lang='lat' dir='ltr'>Hobbesium</span> <span class='ocrx_word' id='word_1_232' title='bbox 1353 2775 1675 2837; x_wconf 87' lang='lat' dir='ltr'>geometriam</span> <span class='ocrx_word' id='word_1_233' title='bbox 1709 2775 1818 2824; x_wconf 90' lang='lat' dir='ltr'>uni-</span> 
     </span>
    </p>
   </div>
   <div class='ocr_carea' id='block_1_3' title="bbox 929 2930 1299 2971">
    <p class='ocr_par' dir='ltr' id='par_1_6' title="bbox 929 2930 1299 2971">
     <span class='ocr_line' id='line_1_34' title="bbox 929 2930 1299 2971; baseline -0.003 -1"><span class='ocrx_word' id='word_1_234' title='bbox 929 2931 951 2953; x_wconf 74' lang='lat'><em>*</em></span> <span class='ocrx_word' id='word_1_235' title='bbox 983 2930 1048 2970; x_wconf 90' lang='lat' dir='ltr'>Sic</span> <span class='ocrx_word' id='word_1_236' title='bbox 1068 2931 1158 2969; x_wconf 84' lang='lat' dir='ltr'>edit.</span> <span class='ocrx_word' id='word_1_237' title='bbox 1185 2931 1299 2971; x_wconf 81' lang='lat'>1672.</span> 
     </span>
    </p>
   </div>
  </div>
 </body>
</html>
