1982 3204
681 282 1123 319 nccnsssusricA.
1501 275 1601 319 403

214 391 302 436 His
320 407 493 449 quoque
507 391 748 436 vermiculis
767 406 888 449 reges
908 391 1185 447 hominesque
1205 392 1397 449 opulenti

272 458 524 517 Magnificus
543 466 711 503 certant
729 458 934 502 aedifieare
954 458 1112 500 domos.

216 524 346 569 Unde
366 525 524 576 volant,
546 525 623 568 ulis
643 524 792 575 enatis,
813 524 1056 580 templaque
1076 524 1231 566 bombo
1453 575 1458 578 η

271 591 486 649 Implent:
519 607 617 634 nam
638 606 782 634 musca
801 599 866 634 est
886 606 980 647 quae
1000 590 1125 633 modo
1145 590 1300 633 vermis
1319 598 1422 634 erat.

214 659 364 714 Atque
384 674 459 715 per
478 674 551 701 ora
570 658 708 700 virum
728 657 910 700 volitans
930 671 1016 699 non
1035 656 1172 699 multa
1191 656 1413 708 scientum,
1444 655 1514 671 '⁸'

271 723 449 767 Illorum
470 723 627 781 patulis
645 723 801 766 insidet
819 722 1048 766 auriculis:

214 789 502 847 corrumpens
521 805 657 833 mores
676 790 834 840 civiles,
855 804 934 832 nec
954 789 1058 832 sinit
1077 788 1185 840 illos,

271 856 339 901 Ut
356 857 525 907 debent,
545 856 651 899 fidos
670 856 842 913 regibus
861 871 951 899 esse
973 855 1071 898 suis.
1409 861 1417 865 “
1490 859 1602 900 2030

213 929 242 950 “
255 923 497 967 Parendum
517 938 607 966 esse
628 922 722 966 Deo
742 923 884 980 potius
905 938 1036 979 quam
1057 922 1266 980 regibus”,
1286 922 1442 979 inquit,

270 995 299 1015 ‘⁶
314 989 392 1033 Nil
411 990 530 1033 dubii
549 997 637 1033 est:
670 989 817 1032 eadem
837 988 957 1046 Papa
977 988 1184 1044 Deusque
1197 989 1391 1046 jubent.”

213 1055 397 1101 Sedulus
415 1056 469 1099 ad
488 1055 646 1099 lectum
666 1055 945 1099 morientibus
964 1055 1116 1106 adstat,
1133 1062 1179 1098 et
1197 1055 1318 1098 audit

270 1122 381 1178 Quae
401 1138 478 1166 sua
497 1122 679 1178 quisque
693 1121 799 1165 velit
817 1137 903 1165 non
922 1123 1031 1165 bene
1050 1121 1163 1164 facta
1182 1121 1313 1178 loqui.

212 1186 487 1244 consilioque
500 1189 639 1244 juvat,
660 1187 731 1244 pia
749 1194 1091 1244 testamentaque
1112 1187 1269 1231 dictat:

270 1259 300 1280 “
311 1254 467 1311 Daque
487 1254 618 1305 Deo”‚
638 1254 756 1305 dicit,
777 1259 806 1279 “
825 1254 900 1310 qui
921 1254 1002 1297 tibi
1021 1261 1143 1297 tanta
1160 1254 1316 1298 dedie’.

211 1319 320 1364 Inde
338 1327 407 1364 tot
424 1328 470 1364 et
488 1320 599 1365 tanti
618 1320 746 1364 saeris
765 1320 940 1363 donaria
958 1321 1143 1378 templis,

268 1386 323 1430 In
342 1402 463 1445 reges
483 1387 626 1430 videas
645 1402 763 1430 arma
781 1396 928 1444 parata
948 1387 1056 1430 Deo.

210 1451 471 1510 Explorator
489 1460 581 1497 erat
600 1469 772 1510 quoque
792 1453 1072 1497 confessarius
1093 1453 1243 1504 omnis,

269 1519 332 1563 Et
349 1519 541 1563 confessa
559 1519 655 1563 Deo
673 1520 812 1563 dicere
833 1519 984 1563 doctus
1004 1527 1107 1563 erat.
1487 1524 1603 1564 2040

211 1585 328 1630 Nam
348 1586 470 1630 Deus
488 1586 534 1629 in
553 1586 678 1629 terris
696 1586 776 1629 hoc
795 1593 986 1642 tempore
1006 1586 1125 1643 Papa
1150 1586 1314 1638 fuisset,

271 1653 319 1696 Si
338 1669 423 1697 non
438 1668 516 1710 per
530 1668 680 1711 regum
693 1654 794 1709 jura
813 1653 1019 1696 creandus
1039 1660 1142 1696 erat.

211 1718 332 1777 Papa
345 1719 439 1764 Leo
459 1719 726 1775 carolusque
746 1719 896 1777 agnus¹
919 1720 999 1763 sibi
1019 1727 1170 1763 mutua
1186 1734 1319 1778 regna

269 1786 553 1830 Tradiderant
573 1793 711 1843 pacto,
728 1786 878 1830 Carnis
897 1794 942 1829 et
961 1786 1145 1844 Ingenii.

215 1851 301 1898 Sed
317 1860 488 1911 pactum
503 1852 584 1896 hoc
599 1852 731 1909 Papae
751 1868 836 1895 non
857 1867 1076 1896 servavere
1092 1858 1343 1908 sequentes:

270 1919 367 1963 Non
386 1934 560 1975 aequum
579 1926 646 1962 est
665 1934 740 1976 par
753 1919 826 1975 jus
839 1918 993 1963 Carnis
1012 1925 1057 1962 et
1076 1918 1258 1976 Ingenii.

211 1983 260 2028 N
260 2000 415 2041 amque
433 1984 675 2028 inconsulto
694 1999 823 2041 papas
843 1983 1151 2041 Induperatore

271 2051 355 2095 Est
372 2066 500 2094 ausus
518 2050 655 2094 clerus
675 2065 788 2107 saepe
806 2065 948 2094 creare
967 2050 1059 2093 sibi.

213 2116 332 2161 Hino
350 2118 431 2161 sub
451 2116 648 2162 Conrado
666 2116 762 2172 (sed
781 2131 923 2173 quaere
942 2115 1096 2173 quoto)
1110 2115 1226 2159 ferus
1245 2116 1317 2160 ille

270 2182 536 2241 Longusque
557 2182 748 2227 Oociduo
766 2190 909 2226 motus
928 2183 974 2225 in
993 2184 1095 2226 orbe
1114 2182 1211 2226 fuit.
1488 2185 1604 2226 2050

214 2249 303 2293 Pro
322 2249 442 2307 Papa
462 2248 665 2306 Guelphi‚
686 2263 763 2306 pro
779 2247 948 2293 Caesare
967 2256 1084 2292 stant
1099 2248 1315 2292 Gibelini:

271 2315 492 2373 Temporis
511 2315 635 2358 istius
653 2314 825 2358 nomina
843 2315 955 2358 forte
974 2314 1143 2358 ducum.

212 2379 340 2424 Exiit
357 2381 438 2425 hoe
456 2381 617 2424 bellum
636 2380 864 2424 Frederieo
886 2379 1055 2425 Caesare
1074 2388 1223 2438 capto:

270 2445 356 2490 Illo
374 2446 451 2503 qui
470 2446 633 2504 primus
651 2447 821 2490 nomine
842 2445 989 2491 Caesar
1006 2454 1110 2490 erat.

217 2511 351 2556 Hunc
367 2511 532 2557 Veneti
549 2513 702 2564 vicere,
721 2512 897 2570 fugatus
916 2512 1037 2570 Papa
1054 2513 1290 2571 triumphat
1303 2529 1316 2556 ε

273 2577 461 2622 Nomine
483 2578 729 2623 Alexander
747 2579 923 2623 Tertius
942 2579 1015 2623 ille
1034 2579 1131 2622 suit.

217 2641 308 2698 Qui
326 2650 451 2701 oepta
468 2643 620 2696 Roma,
642 2645 813 2689 Veneta
830 2646 1028 2689 latitabat
1046 2645 1092 2689 in
1111 2646 1231 2697 urbe,

274 2708 568 2767 Detectusque
586 2710 679 2768 ipso
699 2710 865 2757 Caesare
884 2713 1019 2769 major
1036 2712 1138 2756 abit.

217 2773 355 2832 Cujus
373 2782 419 2820 et
436 2774 482 2819 in
501 2776 655 2820 oollam
675 2784 866 2829 steterat,
886 2778 1097 2834 dictisque
1116 2777 1308 2835 superbis

693 2909 707 2931 ¹
732 2909 841 2957 [vide
854 2909 997 2947 Gmsu
1003 2910 1127 2956 nium]
