1982 3204
571 315 682 351 Lux
711 315 1137 364 ΜΑΤΗΕΜΑΉΟΑ,
1447 311 1530 355 131

150 425 357 473 trarium
397 426 458 474 ab
497 426 733 485 Wallisio,
768 426 941 490 prime,
977 426 1328 476 demonstratio
1363 429 1536 478 Archi·
1555 450 1823 478 commoven-

148 499 307 549 medis
330 516 418 564 per
440 517 754 550 numerorum
778 502 985 550 radicae:
1022 517 1131 565 quae
1154 502 1215 550 ad
1244 502 1471 553 Controv.
1490 506 1539 555 iv
1610 505 1765 532 ¹¹¹¹¹¹¹

150 576 415 625 clarissime
440 578 715 625 ostenditur
739 594 844 625 esse
873 577 1099 625 invalida.
1172 578 1415 638 Secundo,
1440 576 1538 629 Eu-

149 651 291 700 clidis
313 654 581 717 propositio
604 659 668 702 20
687 653 840 701 Elem.
865 653 929 711 vi,
949 668 1046 716 qua
1069 653 1279 702 affirmat
1297 656 1538 705 rationem

150 727 375 791 quadrati
418 729 482 777 ad
521 729 814 793 quadratum
854 728 1151 792 duplicatam
1189 745 1292 777 esse
1334 731 1537 780 rationis

148 801 315 852 lateris
337 803 400 852 ad
424 804 552 852 latus
577 823 589 852 :
625 804 686 852 de
712 820 809 868 qua
833 804 1051 852 dicemus
1075 805 1221 868 paulo
1243 814 1371 869 post.
1442 807 1538 855 Re-

148 887 338 943 pugnat
356 880 486 928 enim
510 895 608 928 non
634 879 791 927 solum
814 880 1112 943 longitudini
1130 880 1538 930 circumferentia

149 954 319 1003 circuli
341 954 554 1003 inventae
576 955 639 1002 ab
660 955 928 1013 Hobbesio,
947 955 1033 1004 sed
1048 956 1196 1004 etiam
1214 957 1538 1020 propositioni

148 1028 234 1077 xix
255 1028 443 1087 Ilo-neti,
461 1045 559 1093 qua
580 1029 794 1078 inventae
818 1039 934 1078 sunt
958 1030 1068 1079 duae
1087 1031 1263 1079 mediae
1279 1032 1413 1080 inter
1430 1049 1536 1081 rec-

146 1110 251 1152 tam
269 1103 434 1152 datam
455 1113 504 1152 et
528 1105 679 1168 ipsius
699 1105 973 1154 dimidiam:
998 1106 1146 1169 idque
1164 1106 1268 1155 sola
1285 1107 1535 1156 additione

146 1186 199 1229 et
219 1179 592 1238 substractione,
617 1181 702 1228 ubi
725 1181 886 1229 minus
909 1197 1119 1244 pronum
1143 1190 1220 1230 est
1242 1197 1422 1230 errare.

214 1253 380 1303 Quare
416 1255 512 1304 hoc
548 1256 657 1304 loco
693 1257 989 1305 vindicanda
1027 1265 1103 1305 est
1142 1259 1416 1321 propositio
1451 1260 1535 1308 xix

143 1327 335 1388 Roscii,
350 1339 402 1379 et
420 1330 855 1380 demonstrandum
875 1331 1007 1394 quod
1031 1341 1244 1396 quatuor
1265 1342 1413 1382 rectae
1431 1334 1535 1393 DC,

144 1404 213 1453 Ζι·
247 1405 326 1453 vel
366 1405 466 1464 DZ,
490 1405 580 1464 De,
606 1406 685 1455 Dk
716 1416 832 1456 sunt
864 1407 1097 1456 continue
1128 1409 1533 1472 proportionales.
1563 1418 1566 1420 ’

146 1479 296 1530 Quod
317 1481 390 1530 sic
413 1481 712 1531 demonstro.

214 1556 373 1607 Recta
404 1558 476 1607 Lh
503 1567 639 1607 secet
671 1574 840 1607 arcum
874 1558 962 1607 BD
998 1559 1051 1607 in
1085 1559 1162 1607 M:
1200 1559 1295 1607 erit
1317 1575 1434 1623 ergo
1458 1560 1536 1609 Dlae

144 1631 308 1681 media
320 1634 699 1697 proportionalis
714 1635 845 1683 inter
859 1634 946 1682 Dc
964 1642 1015 1683 et
1032 1634 1124 1692 Dk,
1144 1642 1318 1698 utpote
1333 1636 1535 1699 aequalis

144 1708 513 1772 semidiagonali
536 1709 622 1758 DI.
674 1709 800 1758 Sunt
822 1725 941 1773 ergo
959 1710 1067 1768 DC,
1086 1710 1181 1768 Db,
1200 1710 1278 1758 Dlt
1301 1712 1535 1759 continue

142 1784 556 1848 proportionales:
593 1794 643 1834 et
665 1794 721 1833 ut
739 1785 826 1833 DC
843 1785 907 1832 ad
931 1785 1026 1844 Dh,
1050 1786 1151 1834 sive
1170 1794 1226 1834 ut
1250 1785 1329 1833 DJ»
1351 1786 1415 1833 ad
1442 1786 1534 1844 Dle,

143 1859 216 1908 ita
231 1867 308 1908 est
325 1860 603 1909 differentia
617 1861 694 1909 Ch
717 1861 780 1909 ad
804 1861 1130 1909 differentiam
1143 1861 1224 1909 Me.
1260 1862 1347 1909 Est
1370 1870 1535 1911 autem

142 1934 240 1984 cM
263 1936 426 1984 media
446 1937 827 2000 proportionalis
851 1937 982 1985 inter
999 1937 1198 2000 duplam
1212 1936 1284 1984 Ch
1306 1944 1356 1984 et
1379 1937 1535 2001 ipsam

143 2009 240 2059 Ch:
274 2012 390 2075 quia
414 2012 501 2070 Ch,
532 2012 620 2060 ΙιΜ
649 2020 763 2061 sunt
794 2013 1017 2076 aequales.
1088 2013 1229 2071 Item,
1254 2012 1405 2061 ducta
1431 2013 1534 2061 DM

141 2095 341 2136 secante
365 2087 422 2136 lk
453 2088 504 2136 in
541 2088 606 2146 N,
631 2095 778 2136 erunt
807 2088 888 2147 kh,
910 2087 992 2136 kN
1023 2088 1257 2152 aequales:
1293 2088 1411 2136 item
1436 2088 1533 2148 ΝΙι,

141 2159 219 2210 hc
239 2163 468 2226 oequaloe.
516 2164 662 2212 Ratio
680 2180 799 2228 ergo
818 2171 969 2213 rectae
988 2165 1077 2213 DC
1091 2164 1155 2212 ad
1173 2164 1266 2223 Dk,
1286 2164 1535 2228 duplicata

142 2245 220 2287 est
240 2238 446 2287 rationis
465 2238 538 2287 Ch
559 2239 624 2287 ad
651 2239 731 2287 kk.

211 2311 458 2362 Quoniam
504 2329 623 2378 ergo
669 2323 920 2362 ostensum
961 2322 1038 2362 est
1077 2314 1141 2363 ad
1185 2314 1409 2362 Controv.
1434 2315 1533 2372 viii,

142 2401 310 2438 arcum
335 2389 425 2438 BD
445 2389 526 2438 vel
549 2389 635 2438 CA
657 2389 895 2454 aequalem
929 2405 1035 2438 esse
1069 2389 1208 2438 radio
1246 2390 1328 2438 BC
1350 2398 1400 2438 et
1423 2398 1533 2438 tan-

140 2463 280 2526 genti
299 2469 366 2514 30
387 2464 632 2528 graduum
650 2465 796 2513 simul
818 2465 1043 2528 sumptis,
1062 2473 1114 2513 et
1136 2473 1324 2513 rectam
1348 2465 1432 2513 DZ
1456 2465 1533 2512 vel

142 2537 213 2588 ze
243 2554 349 2588 esse
391 2539 648 2589 dimidium
684 2555 827 2589 arcus
860 2540 971 2595 BD;
1007 2547 1058 2588 et
1095 2540 1159 2588 ad
1200 2540 1431 2588 Controv.
1466 2541 1532 2598 ix,

143 2620 330 2664 rectam
352 2614 425 2663 ela
447 2615 685 2678 aequalem
709 2631 815 2664 esse
840 2615 1056 2664 dimidiae
1085 2615 1309 2678 tangenti
1334 2621 1399 2664 30
1420 2632 1533 2679 gra-

144 2686 320 2739 duum:
355 2689 450 2739 erit
465 2689 539 2740 kL
559 2690 758 2754 aequalis
781 2690 868 2750 Ch,
888 2699 940 2739 et
961 2698 1222 2755 propterea
1236 2690 1315 2738 CZ
1332 2692 1534 2754 aequalis

210 2837 300 2886 Est
321 2852 439 2901 ergo
455 2840 582 2889 ratio
600 2840 688 2890 DC
708 2841 774 2890 ad
795 2840 888 2900 Bk,
907 2841 959 2890 id
981 2849 1057 2890 est
1079 2841 1141 2889 ad
1168 2840 1262 2900 ke,
1286 2840 1536 2903 duplicata

144 2912 350 2964 rationis
370 2913 444 2964 kz
466 2914 529 2965 ad
552 2915 651 2964 ZC.

1325 3004 1358 3036 K
1387 3002 1405 3030 ‘2
