1982 3204
470 363 560 410 AD
596 362 948 412 LECTOREM
977 362 1464 411 ALGEBRISTAM.

267 577 623 625 Controversia*
641 585 817 624 nostrae
837 577 930 624 hoc
953 552 1062 624 loco
1086 577 1289 640 legibus,
1314 577 1355 624 si
1379 577 1468 625 tibi
1492 577 1735 640 placeant,

199 668 368 732 paucis
407 669 654 731 imponam
692 668 856 715 finem.
926 667 1133 716 Quaeras
1165 667 1326 726 velim,
1362 667 1537 730 primo,
1570 677 1736 715 utrum

200 757 349 805 series
372 757 702 821 quantitatum
725 756 1003 820 aequalium,
1028 756 1105 804 vel
1129 757 1178 804 in
1203 757 1392 804 ratione
1416 757 1577 820 aliqua
1601 766 1738 805 certa

201 845 387 903 eadem,
429 845 507 893 vel
549 845 815 909 duplicata,
856 845 1103 908 triplicata
1149 854 1244 892 etc.
1288 845 1628 904 crescentium,
1675 845 1739 892 sit

200 935 449 999 quantitas
479 935 618 982 finita
646 951 709 982 an
745 934 951 982 infinita.
1023 934 1074 982 Si
1106 934 1348 982 infinitam
1380 926 1640 992 inveneris,
1665 950 1740 982 se-

199 1023 361 1072 cundo
396 1023 505 1071 loco
541 1039 745 1087 quaeras,
782 1033 949 1071 utrum
987 1023 1142 1087 possit
1182 1023 1265 1071 illa
1307 1023 1486 1071 habere
1527 1023 1741 1087 aliquam

199 1113 443 1161 rationem
466 1112 529 1160 ad
547 1113 874 1176 quantitatem
898 1112 1104 1160 finitam.
1150 1112 1320 1160 Tertio
1344 1127 1550 1175 quaeras,
1574 1119 1742 1160 utrum

199 1202 330 1251 linea
369 1202 446 1250 vel
488 1203 584 1250 alia
623 1202 913 1266 magnitudo
955 1218 1056 1250 non
1099 1201 1163 1250 sit
1203 1217 1358 1265 capax
1399 1202 1651 1250 divisionis
1690 1202 1743 1250 in

200 1307 393 1355 semper
426 1291 702 1349 divisibilia,
735 1291 835 1339 sive
870 1307 934 1339 an
970 1291 1133 1355 aliqua
1166 1291 1416 1355 quantitas
1450 1291 1603 1355 possit
1638 1307 1743 1339 esse

198 1380 391 1430 infinite
414 1380 607 1443 exigua.
677 1381 730 1428 Si
765 1380 1009 1428 inveneris
1044 1380 1373 1444 quantitatem
1408 1397 1603 1430 omnem
1638 1396 1744 1429 esse

202 1485 395 1534 semper
419 1469 732 1525 divisibilem;
758 1478 808 1518 et
832 1470 1008 1518 seriem
1032 1470 1362 1533 quantitatum
1386 1470 1648 1535 aequalium
1666 1470 1746 1518 vel

203 1575 395 1624 semper
418 1559 744 1607 crescentium
768 1559 1021 1622 aequaliter
1038 1559 1116 1607 vel
1138 1559 1189 1606 in
1215 1559 1466 1623 duplicata
1483 1559 1562 1607 vel
1586 1559 1746 1623 tripli-

203 1658 315 1700 cata
359 1650 551 1698 ratione
598 1665 703 1698 esse
750 1650 1079 1713 quantitatem
1124 1649 1383 1709 infinitam,
1426 1666 1519 1698 nec
1564 1649 1746 1698 habere

203 1740 446 1788 rationem
480 1738 544 1787 ad
566 1739 889 1803 quantitatem
923 1739 1130 1798 finitam,
1163 1755 1255 1787 nec
1290 1755 1396 1788 esse
1420 1740 1747 1804 quantitatem

206 1830 357 1878 ullam
403 1829 596 1878 infinite
636 1830 891 1893 exiguam:
933 1828 1174 1877 concedes
1215 1836 1273 1876 tu
1305 1829 1426 1876 mihi
1472 1829 1748 1877 doctrinam

203 1918 541 1968 Wallisianam
572 1917 635 1966 de
659 1917 992 1966 Arithmetica
1026 1917 1353 1980 hnfinstorum,
1389 1925 1439 1966 et
1474 1917 1747 1966 doctrinam

205 2009 425 2074 ejusdem
457 2008 520 2057 de
550 2008 695 2056 Motu
726 2023 884 2071 nuper
915 2007 1094 2056 editam
1128 2015 1302 2056 contra
1324 2024 1470 2072 quam
1499 2007 1627 2056 infra
1650 2007 1749 2055 dis-

206 2099 394 2164 putavi,
425 2099 621 2147 inanem
658 2105 708 2146 et
740 2097 913 2145 falsam
938 2113 1061 2156 esse,
1085 2105 1140 2146 ut
1163 2113 1310 2161 super
1332 2098 1438 2146 haec
1472 2097 1748 2146 fundatam.

208 2189 296 2239 Sin
320 2189 470 2238 series
487 2188 645 2236 omnis
665 2188 997 2252 quantitatum
1020 2187 1297 2251 aequalium,
1321 2187 1399 2235 vel
1422 2187 1748 2235 crescentium

206 2286 266 2327 ut
288 2293 452 2342 supra,
470 2276 533 2325 sit
556 2276 722 2331 finita;
748 2276 826 2324 vel
848 2275 975 2324 ratio
1000 2275 1135 2323 nulla
1151 2276 1215 2323 sit
1237 2275 1443 2324 infinitae
1462 2275 1751 2339 quantitatis

207 2367 272 2416 ad
293 2367 515 2422 finitam3
549 2365 628 2413 vel
652 2365 860 2429 denique
884 2364 925 2413 si
949 2365 1198 2429 quantitas
1222 2365 1380 2413 omnis
1411 2381 1512 2413 non
1540 2365 1605 2413 sit
1627 2364 1750 2412 divi-

208 2455 361 2505 sibilis
383 2455 436 2504 in
458 2469 652 2518 semper
670 2453 944 2512 divisibilia,
962 2453 1122 2502 victus
1143 2453 1236 2502 tibi
1259 2469 1352 2518 ego
1377 2452 1564 2501 cedam.
1612 2452 1750 2511 Vale,

209 2554 260 2596 et
281 2544 520 2594 meditare
544 2544 665 2592 haec.

563 2738 646 2777 AD
671 2738 982 2778 LECTOREM
1010 2736 1391 2778 GEOLOETRAM.

453 2827 560 2866 Hinc
578 2827 650 2866 tibi
669 2839 784 2877 carpe
802 2839 939 2873 rosam,
960 2826 1081 2864 lector
1099 2825 1280 2870 studiose,
1302 2830 1510 2863 recentem.

611 2902 810 2942 Candidus
828 2902 984 2944 olfacias
1000 2917 1010 2940 z
1039 2901 1294 2940 Wallisianus
1313 2901 1413 2940 edat.

1526 2969 1556 3001 Β
1577 2969 1595 2997 2
