1982 3204
402 280 464 332 72
619 293 913 327 DOCTRINAE
941 289 1305 326 WALLlsIANAE
1335 289 1406 322 DE
1434 289 1592 324 MOTU

150 420 272 457 mot>-
290 420 329 446 x.
400 405 530 462 tur*,
548 420 713 452 nonne
731 412 1029 452 momentum
1051 404 1154 465 ejus
1178 401 1308 448 idem
1332 409 1408 449 est
1421 401 1553 465 quod
1570 401 1793 465 pondus?

399 481 552 528 Terra
573 488 740 528 autem
763 480 968 544 ponderi
999 478 1119 526 nihil
1154 477 1329 535 aufert,
1353 493 1512 540 neque
1548 494 1666 541 ergo
1689 495 1794 526 mo-

401 562 568 603 mento
588 577 601 611 ;
636 572 793 619 neque
818 556 972 612 addit,
997 570 1156 617 neque
1180 553 1443 616 quicquam
1476 553 1526 600 in
1551 569 1668 602 saxo
1693 555 1795 602 effi-

402 631 487 690 cit,
533 640 861 695 praeterquam
907 630 1038 694 quod
1083 636 1271 677 motum
1318 629 1600 677 ulteriorem
1647 629 1795 678 tollit.

403 707 665 756 Quomodo
681 723 797 769 ergo
814 705 1102 769 accipienda
1116 712 1231 752 sunt
1248 704 1393 752 ambo
1411 720 1500 768 pro
1520 704 1797 753 momento?

403 783 532 831 Nam
572 783 612 830 si
652 789 785 830 terra
809 781 1002 828 dicatur
1042 787 1346 828 momentum
1383 780 1563 828 habere
1587 795 1798 838 sursum,

402 875 499 922 quo
534 864 834 906 momentum
869 856 1095 904 deorsum
1130 855 1336 915 minuat,
1375 855 1566 904 dicetur
1602 871 1798 919 quoque

402 934 582 982 habere
607 934 657 980 in
681 949 732 980 se
755 933 853 979 vim
885 930 1113 979 movendi
1150 947 1357 979 sursum.
1421 930 1570 980 Quod
1603 938 1678 979 est
1709 931 1796 979 ab-

403 1008 618 1057 surdum.
703 1007 836 1056 Quid
883 1023 1001 1070 ergo
1049 1013 1298 1055 momento
1346 1014 1397 1055 et
1442 1005 1798 1070 impedimento

403 1084 704 1147 conjunctim
739 1081 1053 1130 tribuendum
1085 1090 1175 1141 est,
1199 1083 1356 1146 majus
1377 1098 1523 1146 quam
1546 1090 1798 1130 momento

403 1160 492 1208 soli
516 1158 799 1207 attribuitur
820 1157 837 1204 Ρ
902 1157 1051 1206 Quod
1074 1157 1228 1216 addit,
1253 1165 1303 1206 et
1322 1164 1459 1206 tanto
1485 1164 1700 1222 quantus
1723 1164 1799 1206 est

394 1234 745 1300 prcepollentis
774 1249 1022 1291 excessus,
1054 1232 1365 1281 falsissimum
1399 1241 1489 1281 est.
1559 1233 1689 1281 Nam
1723 1249 1798 1281 se-

403 1318 632 1373 queretur
655 1309 769 1357 inde
797 1310 874 1370 (ut
897 1309 961 1357 ad
984 1325 1124 1373 prop.
1149 1309 1247 1357 viii.
1269 1317 1519 1358 ostensum
1542 1309 1636 1370 est)
1665 1309 1801 1373 quod

401 1395 533 1434 terra
557 1393 761 1433 conatur
785 1401 977 1433 sursum
1000 1386 1075 1434 bis
1099 1393 1239 1434 tanto
1263 1393 1475 1450 quantus
1498 1392 1572 1434 est
1594 1392 1800 1433 conatus

402 1462 505 1510 saxi
524 1462 587 1509 ad
610 1469 834 1508 centrum
858 1469 1019 1510 terrae.

469 1537 948 1585 Demonstrationem
984 1554 1044 1585 ex
1087 1553 1146 1586 eo
1185 1536 1336 1595 ducit,
1380 1536 1514 1600 quod
1553 1535 1802 1584 contraria

402 1614 531 1660 inter
555 1629 605 1660 se
631 1620 745 1660 suut
769 1620 1072 1661 momentum
1096 1620 1146 1661 et
1174 1613 1582 1676 impedimentum
1602 1633 1615 1667 ς
1653 1626 1802 1660 causa

404 1697 459 1735 ut
479 1689 555 1746 sit,
581 1704 728 1736 causa
750 1696 806 1736 ut
830 1705 930 1736 non
955 1690 1040 1736 sit:
1078 1688 1211 1752 quod
1235 1696 1309 1736 est
1331 1688 1523 1736 falsum.
1595 1687 1799 1735 Contra·

404 1764 464 1811 rii
488 1763 617 1810 enim
643 1771 758 1811 sunt
782 1763 879 1811 duo
903 1771 1066 1811 motus
1091 1763 1152 1811 ab
1177 1762 1395 1826 ejusdem
1419 1771 1570 1811 rectae
1595 1761 1801 1810 diversis

406 1838 626 1886 terminis
667 1846 1049 1887 concurrentes:
1085 1855 1200 1886 nam
1236 1846 1398 1886 motus
1437 1846 1487 1886 et
1523 1838 1659 1902 quies
1699 1853 1800 1885 non

407 1921 718 1977 opponuntur
742 1915 1004 1973 contrarie,
1025 1914 1112 1962 sed
1130 1915 1387 1978 privative.
1425 1914 1574 1964 Quod
1591 1913 1801 1978 denique

407 1989 576 2052 adjicit
627 1997 875 2051 postremo
935 1990 1062 2049 loco,
1118 1996 1312 2038 constat
1366 1990 1687 2055 propositum
1738 2006 1803 2038 ex

399 2080 554 2128 prop.
587 2064 685 2122 viii,
718 2065 866 2113 etiam
902 2064 1079 2113 falsum
1116 2073 1215 2113 est:
1252 2081 1367 2113 nam
1407 2073 1631 2114 octavam
1667 2065 1802 2114 illam

408 2139 799 2188 manifestissime
823 2141 1027 2204 probavi
1051 2157 1154 2189 esse
1181 2141 1367 2189 falsam.

476 2214 633 2262 Causa
655 2215 881 2264 falsitatis
905 2225 1027 2275 erat,
1052 2216 1185 2280 quod
1218 2217 1348 2265 idem
1372 2233 1477 2265 esse
1501 2216 1693 2265 censuit
1715 2216 1803 2264 im-

408 2291 740 2353 pedimentum
764 2301 815 2341 et
845 2294 1203 2341 resistentiam:
1241 2309 1520 2357 quanquam
1556 2293 1659 2356 ipse
1683 2291 1803 2340 defi-

407 2365 566 2413 nierat
588 2367 752 2430 (male)
781 2369 1189 2432 impedimentum
1212 2385 1316 2417 esse
1350 2369 1402 2416 id
1424 2368 1557 2433 quod
1580 2367 1802 2432 impedit,

408 2450 459 2488 et
482 2442 806 2491 resistentiam
830 2445 1039 2505 (melius,
1064 2460 1123 2492 ex
1147 2444 1272 2492 libro
1290 2460 1400 2492 meo
1428 2458 1497 2492 DE
1526 2458 1802 2502 CORPORE,

411 2532 516 2579 cap.
542 2533 618 2564 xv.
644 2525 734 2566 art.
761 2525 807 2567 2.
832 2535 1038 2568 numero
1063 2523 1110 2582 3)
1133 2519 1403 2583 potentiam
1428 2519 1585 2568 motui
1609 2527 1803 2567 contra-

411 2591 548 2639 riam.
628 2593 684 2640 Id
730 2610 921 2658 quoque
966 2595 1127 2643 minus
1173 2603 1400 2643 accurate
1447 2611 1594 2658 quam
1637 2594 1805 2643 decuit

410 2676 727 2729 geometram.
825 2670 1050 2719 Potentia
1079 2670 1210 2718 enim
1248 2670 1379 2718 actui
1416 2670 1663 2719 contraria
1699 2685 1806 2719 esse

411 2757 511 2789 non
534 2750 712 2805 potest.

696 2911 715 2933 ⁴
750 2911 814 2951 Sic
833 2913 923 2951 edit.
951 2912 1062 2952 1671.
1121 2912 1260 2960 Quaere
1279 2912 1501 2951 innitatur?
