1982 3204
349 249 446 291 398
909 262 1175 295 HISTORIA

405 369 493 423 Qui
513 369 643 413 nimio
664 370 823 428 ingenii
844 379 908 414 est
929 379 1079 428 captus
1101 387 1242 414 amore
1264 372 1340 414 sui.

267 473 270 477 ,
345 436 427 477 Pr.
461 436 672 479 Attamen
693 437 762 480 hic
783 438 941 481 stultus
962 454 1047 481 non
1068 438 1286 489 naturalis,
1303 445 1348 481 at
1367 445 1457 482 arte

407 501 488 544 Est
507 502 659 553 sactus,
681 504 831 560 gignet
851 504 1170 560 persimilesque
1191 504 1267 546 sui.

347 567 436 622 Qui
456 569 564 611 bene
584 570 816 626 composito
836 570 1028 626 loquitur
1048 571 1196 613 deliria
1215 571 1353 621 vultu,

405 633 629 678 Sermones
649 651 804 679 vacuos
825 636 970 679 fundit
991 644 1035 679 et
1055 652 1126 679 ore
1147 638 1282 694 gravi,

345 699 478 743 Anne
497 701 543 743 in
564 702 756 759 catalogo
778 719 939 758 quaeres
959 704 1074 746 hunc
1094 703 1237 746 classis
1258 702 1398 746 euntis

402 767 675 825 Anticyram,
697 785 751 811 an
772 770 884 812 sanis
905 770 1245 812 adnumerandus
1267 770 1382 812 erit?
1634 772 1741 811 1840

348 833 456 876 Nam
471 835 653 890 juvenes
675 835 802 878 etiam
823 836 970 878 deliria
990 837 1150 879 discere
1171 845 1361 892 possunt,

404 900 503 942 Aut
521 901 787 944 accusandus
808 901 1104 958 ludimagister
1125 902 1217 944 erit.

344 966 430 1008 Sec.
463 966 594 1009 Posse
616 967 789 1022 quidem
813 967 967 1010 stultos
988 968 1081 1010 fieri
1102 967 1287 1011 concedo
1308 966 1509 1016 docendo,

403 1031 572 1075 Verum
593 1032 653 1076 sic
673 1033 808 1075 factos
829 1049 954 1077 nemo
974 1034 1105 1077 fuisse
1125 1041 1261 1090 putat.

345 1097 429 1141 Dio
451 1113 595 1154 quare,
618 1099 801 1154 quando,
823 1100 980 1155 quibus
1000 1101 1163 1143 artibus
1184 1107 1314 1155 atque
1334 1099 1560 1156 magistris„

403 1164 619 1207 Effectum
643 1171 708 1207 est
727 1165 890 1207 foedum
912 1165 1248 1222 pestiferumque
1271 1166 1418 1208 scelus.

345 1230 428 1273 Pr.
460 1230 686 1274 Pontificis
707 1246 848 1282 suasu,
871 1231 1059 1283 Carolus,
1081 1248 1218 1275 novus
1238 1232 1536 1289 Induperator,

403 1297 590 1340 Artibus
610 1297 808 1354 ingenuis
828 1298 939 1341 ferre
960 1299 1143 1341 volentis
1163 1314 1299 1355 opem,

344 1363 511 1406 Inscius
531 1364 692 1406 includi
713 1364 880 1407 curavit
899 1365 1109 1407 moenibus
1130 1380 1290 1416 omnes,

403 1429 471 1472 Ut
491 1445 585 1485 quae
605 1430 675 1473 cui
695 1430 852 1487 placita
870 1438 948 1482 est,
969 1431 1068 1474 inde
1089 1432 1273 1488 petenda
1293 1431 1416 1474 foret.
1632 1434 1742 1472 1850

344 1495 406 1538 Et
425 1495 561 1552 primo
581 1496 700 1539 foelix
721 1497 958 1540 studiorum
981 1496 1133 1541 Gallus
1153 1504 1328 1548 amator,

402 1562 601 1606 Festinat
621 1563 761 1607 Musis
782 1563 986 1607 aedificare
1007 1564 1194 1607 domum.

344 1628 520 1671 Parisiis
541 1629 691 1686 surgit,
714 1644 811 1684 quae
831 1645 946 1673 nunc
968 1629 1153 1672 Sor-bona
1173 1637 1362 1680 vocatur,

403 1695 689 1752 Theiologum
710 1695 862 1739 studiis
881 1696 1155 1753 appropriata
1187 1695 1352 1740 Schola.

346 1761 492 1818 Hujus
512 1761 566 1804 ad
586 1762 844 1818 exemplum,
861 1777 983 1819 reges
1004 1762 1161 1818 aliique
1182 1769 1379 1819 potentes

403 1827 707 1873 Christicolum
729 1828 880 1871 studiis
900 1835 1015 1872 tecta
1035 1830 1217 1885 superba
1236 1829 1406 1879 dabant,

346 1895 594 1950 Hortosque
615 1900 659 1937 et
677 1894 821 1945 libros,
843 1902 888 1938 et
908 1910 1005 1951 quae
1026 1895 1105 1938 tibi
1126 1895 1295 1952 singula
1314 1895 1398 1938 dici

402 1961 505 2004 Non
525 1976 632 2017 opus
653 1967 730 2003 est.
761 1960 871 2015 Quae
893 1968 995 2004 sunt
1010 1961 1152 2016 qualia
1173 1969 1364 2017 quotque
1380 1960 1510 2004 vides.

346 2028 473 2071 Solus
494 2027 614 2084 Papa
633 2034 777 2070 tamen
797 2028 912 2085 leges
933 2028 1062 2071 dabat
1081 2034 1211 2083 atque
1231 2028 1469 2085 magistros,

402 2095 580 2137 Laedere
601 2109 654 2137 ne
670 2101 813 2150 posset
832 2095 1099 2151 philosophia
1114 2094 1278 2138 Fidem.
1631 2095 1741 2134 1860

344 2163 428 2204 Sec.
461 2161 508 2203 N
510 2176 566 2204 on
587 2160 727 2217 placet
746 2161 839 2204 hoc.
901 2161 1075 2203 Animis
1097 2176 1203 2216 quos
1224 2176 1309 2204 non
1330 2159 1506 2217 infigere
1527 2173 1672 2201 sensus

402 2226 589 2270 Venturi
610 2227 771 2283 populi,
794 2227 829 2270 si
850 2227 1000 2279 voluit,
1023 2227 1197 2284 potuit?

342 2292 389 2335 N
391 2309 459 2336 am
480 2308 577 2336 cum
599 2293 838 2336 carceribus
859 2292 1023 2337 vinctas
1044 2293 1308 2336 concluserat
1328 2299 1452 2342 artes,

401 2361 551 2415 Atque
572 2359 726 2402 Fidem
748 2374 913 2403 servam
933 2359 1096 2402 fecerat
1116 2374 1206 2402 esse
1227 2358 1332 2401 sibi:

344 2425 462 2480 Quid
483 2425 635 2476 vetuit,
659 2425 694 2468 si
715 2440 821 2481 quas
842 2426 923 2469 sibi
944 2441 1065 2482 posse
1086 2440 1237 2468 nocere
1257 2430 1440 2481 putaret,

399 2491 498 2534 Aut
517 2491 715 2548 prodesse
737 2507 901 2548 parum,
923 2492 1028 2547 quin
1043 2491 1264 2549 jugularet
1282 2491 1385 2533 cas?

340 2559 420 2601 Pr.
456 2557 528 2602 Sic
547 2557 664 2601 fecit.
697 2556 814 2600 Nam
836 2557 974 2613 qualis
995 2564 1086 2601 crat
1107 2557 1300 2600 doctrina
1320 2572 1397 2613 per
1416 2557 1561 2599 orbem

402 2623 556 2681 Sparsa
575 2638 600 2666 a
620 2622 876 2674 Lombardo,
899 2638 996 2679 quae
1016 2624 1291 2679 tenebraeque
1315 2621 1445 2673 Scoti,

342 2689 464 2745 Quos
485 2695 768 2746 praeceptores
788 2689 939 2732 habuit
959 2689 1101 2732 schola
1128 2688 1378 2732 Parisiensis

398 2755 591 2800 Primos!
651 2754 830 2798 Illorum
849 2755 986 2813 gloria
1005 2755 1131 2798 durat
1150 2755 1299 2798 adhuc.
1625 2753 1733 2796 1870

338 2823 426 2866 Sec.
457 2822 604 2873 Fama,
625 2837 774 2878 parum
795 2837 895 2865 sana
914 2837 971 2872 es,
993 2822 1245 2865 tantundcm
1266 2821 1405 2864 dando
1426 2819 1636 2877 sophistis,

397 2888 486 2943 Qui
507 2888 665 2932 virtute
686 2895 845 2940 carent,
866 2888 1147 2946 insipidisque
1169 2888 1282 2939 viris,
