1982 3204
355 263 419 308 60
555 273 852 308 Doc'rRmAE
876 270 1240 308 wALL1s1ANAE
1267 271 1339 306 DE
1364 272 1525 308 Moru

83 399 219 426 nni-m.
238 401 323 436 x1x,
420 384 798 434 Inclinationem
822 402 934 434 vero
950 386 1023 434 acl
1041 384 1355 442 horizontem,
1380 382 1600 448 appello,
1619 382 1741 431 obli-

108 455 297 523 ᾧ
355 460 562 523 quitatis
577 460 984 526 complementum,
1001 460 1102 508 sive
1121 475 1256 522 quem
1260 457 1406 521 facit
1421 458 1654 523 angulum
1672 458 1746 507 ad

355 534 666 594 horizontem,
683 536 859 584 autad
878 541 1068 583 rectam
1092 532 1354 582 directioni
1377 533 1607 581 moventis
1620 549 1742 598 per·

344 610 738 675 pendicularem.

434 685 715 748 Obliquitas
739 692 787 733 et
822 684 1094 742 inclinati0,
1119 698 1265 731 voces
1296 683 1451 731 ambae
1480 690 1595 731 sunt
1621 683 1743 732 rela-

353 760 483 809 tivae.
536 761 690 809 Recta
714 761 753 808 si
777 761 858 808 alii
877 769 1025 808 rectae
1049 758 1248 822 obliqua
1271 759 1350 817 sit,
1376 759 1524 807 etiam
1547 759 1654 807 haec
1677 758 1742 807 ad

354 835 487 884 illam
511 836 707 899 obliqua
730 844 820 884 est.
867 836 995 883 Nam
1020 842 1158 882 recta
1181 834 1400 882 solitaria
1423 834 1620 897 obliqua
1643 833 1742 883 dici

354 926 453 959 non
492 919 670 975 potest.
740 912 876 960 Idem
912 927 1082 959 verum
1126 917 1198 958 est
1239 910 1300 958 de
1337 910 1599 968 inclinatis,
1632 923 1741 973 quae

353 986 516 1035 locum
540 988 723 1035 habent
746 988 795 1035 in
821 987 1012 1050 angulis
1035 994 1257 1034 tantum:
1293 993 1351 1033 ut
1369 1001 1577 1049 quorum
1597 1000 1742 1033 crura

355 1062 418 1110 ad
442 1079 492 1110 se
515 1063 722 1110 invicem
746 1079 833 1126 per
856 1071 1044 1111 motum
1063 1061 1350 1110 circularem
1368 1060 1624 1120 accedunt,
1639 1061 1740 1109 sive

355 1137 670 1186 inclinantur.

418 1214 553 1261 Male
577 1214 739 1277 itaque
764 1214 933 1262 definit
956 1212 1291 1278 obliquitatem
1324 1212 1620 1276 generaliter
1651 1226 1741 1276 per

353 1288 638 1337 relationem
662 1289 725 1337 ad
757 1289 1159 1352 perpendiculum
1183 1289 1260 1336 vel
1285 1288 1605 1337 directionem
1635 1305 1740 1338 mo-

352 1370 445 1422 tus,
470 1380 578 1427 quae
602 1372 715 1413 sunt
738 1372 886 1413 rectae
905 1365 1154 1428 speciales.
1205 1365 1312 1413 Nec
1337 1365 1455 1412 satis
1478 1365 1740 1413 verborum

351 1439 543 1487 illorum
569 1440 807 1488 intellexit
829 1440 951 1488 vim:
975 1456 1133 1504 neque
1151 1447 1415 1504 propterea
1437 1448 1572 1488 recte
1591 1441 1740 1505 expli·

352 1531 462 1563 care
485 1516 659 1578 potuit.

419 1591 555 1639 Idem
600 1592 727 1639 latus
770 1592 1019 1655 trianguli,
1058 1593 1098 1640 si
1142 1608 1230 1656 per
1274 1592 1433 1656 ipsum
1472 1591 1741 1641 descendat

352 1683 515 1729 grave,
550 1668 874 1731 appellabitur
909 1669 1183 1725 declivitas;
1220 1675 1269 1716 et
1303 1668 1418 1731 quia
1454 1684 1566 1716 cum
1597 1682 1740 1716 crure

352 1742 504 1790 altero
544 1742 662 1791 facit
698 1743 932 1807 angulum
973 1743 1242 1807 obliquum,
1285 1743 1570 1806 obliquitas3
1613 1750 1664 1791 et
1698 1743 1741 1791 si

352 1817 500 1866 faciat
551 1819 784 1882 angulum
838 1835 1194 1883 quemcunque,
1249 1818 1431 1867 dicitur
1487 1818 1735 1867 inclinata.

352 1893 500 1941 Vides
519 1910 635 1957 ergo
655 1894 900 1957 quomodo
920 1894 1173 1944 declivitas
1197 1895 1259 1943 ab
1279 1894 1568 1958 obliquitate
1591 1902 1641 1943 et
1663 1894 1740 1943 in-

354 1968 615 2018 clinatione
640 1971 848 2019 differat.

421 2045 681 2109 Subjungit
705 2054 884 2105 autem,
902 2050 933 2072 “
949 2046 1279 2095 declivitatem
1298 2047 1360 2095 ab
1380 2044 1670 2110 obliquitate
1689 2052 1740 2094 et

351 2119 666 2169 inclinatione
701 2122 1001 2185 distinguere
1035 2138 1235 2170 necesse
1263 2121 1428 2170 duxi.”
1499 2121 1599 2168 Cur
1621 2135 1739 2184 ergo

351 2212 451 2244 non
476 2196 722 2246 distinxit?
770 2197 1021 2257 Distinxit,
1046 2198 1253 2261 inquies,
1273 2213 1386 2246 cum
1405 2195 1611 2254 addidit,
1631 2198 1663 2221 “
1681 2211 1740 2244 ea

351 2286 467 2319 vero
510 2271 798 2322 declivitatis
839 2276 964 2322 ratio
1003 2274 1124 2322 mihi
1161 2273 1421 2322 tractanda
1460 2272 1737 2330 videbatur,

351 2362 459 2410 quae
483 2356 724 2396 rectarum
756 2349 884 2397 inter
914 2366 965 2398 se
996 2349 1210 2397 rationes
1237 2347 1513 2412 respiciat.'’
1585 2347 1738 2397 Quasi

352 2421 611 2485 obliquitas
635 2423 982 2488 declivitasque
1005 2431 1267 2483 rectarum,
1291 2423 1507 2472 rationes
1536 2438 1637 2471 non
1660 2437 1737 2471 re-

353 2506 613 2560 spicerent.

682 2630 1086 2667 DEFINlTIONES
1113 2632 1237 2676 xxl,
1256 2630 1404 2665 xxn.

419 2696 520 2745 Per
549 2699 866 2762 gravitatem,
886 2701 1050 2750 laxius
1070 2707 1346 2766 acceptam,
1365 2698 1607 2763 intellige,
1643 2698 1738 2747 vim

350 2773 568 2837 quamvis
592 2774 863 2823 continuam
894 2778 943 2825 in
975 2792 1307 2842 quamcunque
1329 2774 1540 2841 plagam
1571 2774 1738 2822 motri-

349 2865 471 2896 cem:
503 2864 598 2912 per
630 2855 780 2898 terroe
815 2859 1045 2912 centrum,
1079 2852 1323 2917 intellige,
1360 2850 1614 2899 terminum
1646 2865 1737 2914 quo

349 2923 508 2971 tendit
531 2923 603 2971 vis
627 2924 719 2972 illa
744 2928 951 2975 matrix:
966 2945 1066 2993 per
1079 2926 1510 2993 perpendiculum,
1535 2925 1613 2973 vel
1628 2941 1736 2973 rec-
