1982 3204
385 286 413 327 8
715 294 976 329 ROSETUM
1004 291 1433 326 GEOMETRICUM.

165 425 273 451 mor.
287 425 313 451 ι.
457 404 842 453 Consectarium.
880 404 1024 453 Sinus
1048 420 1215 452 versus
1236 409 1298 452 30
1317 402 1573 466 graduum,
1589 418 1766 466 nempe

103 470 328 537 Dm
385 481 475 529 GX
507 481 585 528 vel
612 480 691 538 Al,
716 496 814 527 una
847 496 958 527 cum
990 479 1265 527 differentia
1294 478 1423 525 inter
1459 478 1617 540 majus
1657 493 1767 541 seg-

101 552 284 581 ¹³¹²⁰⁸³¹²⁰²⁸¹⁵
305 555 358 581 ‘³²⁰‘
384 563 604 604 mentum
629 563 676 604 et
715 556 978 614 semilatuS,
1003 571 1178 618 nempe
1204 555 1276 617 ly,
1302 553 1500 617 aequalis
1526 560 1600 601 est
1621 569 1767 616 quar-

383 640 446 680 tae
483 632 612 694 parti
654 631 820 679 lateris
845 631 950 678 AD.
1021 630 1144 678 Cum
1179 629 1309 677 enim
1338 629 1452 683 ME,
1471 628 1536 676 El
1557 628 1768 691 aequales

384 708 480 755 sint
503 708 585 765 EI,
610 707 699 764 XI,
724 714 930 769 utraque
958 706 1176 768 utrique:
1212 705 1304 752 erit
1328 703 1407 751 ΜΖ
1434 703 1635 767 aequalis
1658 703 1766 752 EX.

384 782 560 830 Divisis
598 797 713 843 ergo
738 782 838 838 ΑΕ,
872 781 957 827 ΕΙ)
994 780 1217 827 bifariam
1257 780 1306 827 in
1341 796 1374 826 a
1415 787 1465 827 et
1500 779 1544 837 b,
1576 779 1670 827 erit
1704 778 1769 829 ba

385 857 580 920 aequalis
614 856 698 904 EI.
778 856 941 905 Quare
975 854 1030 902 al
1059 855 1257 918 aequalis
1300 863 1375 902 est
1409 855 1494 918 ly:
1531 862 1581 903 et
1613 854 1768 902 ambae

384 932 528 980 simul
565 931 631 978 Al
661 940 710 979 et
745 931 797 978 Za
837 931 1046 994 aequales
1081 939 1196 978 sunt
1234 930 1329 989 Aa,
1354 945 1464 994 quae
1498 937 1571 979 est
1594 937 1770 994 quarta

383 1023 495 1071 pars
518 1007 681 1055 lateris
704 1007 809 1054 AD.

932 1346 1115 1395 PROP.
1153 1346 1216 1394 II.

387 1466 538 1513 DA'ro
563 1480 661 1511 uno
685 1471 935 1527 segmento
952 1471 1099 1511 rectae
1123 1463 1292 1512 divisae
1310 1470 1529 1511 extrema
1543 1469 1594 1512 et
1608 1462 1770 1512 media

388 1541 592 1598 ratione,
617 1540 835 1587 invenire
858 1539 1082 1587 alterum.

453 1616 527 1663 Sit
552 1615 666 1662 data
690 1624 825 1662 recta
848 1615 936 1662 AB
960 1621 1266 1677 segmentum
1302 1614 1459 1676 majus
1497 1621 1647 1662 rectae
1683 1630 1778 1662 cu-.

379 1692 668 1754 juscunque.
732 1691 935 1738 Secetur
959 1691 1047 1738 AB
1065 1689 1290 1738 bifariam
1309 1690 1360 1737 in
1379 1690 1439 1737 D.
1509 1689 1574 1738 Et
1598 1698 1769 1738 centro

384 1766 445 1824 D,
469 1766 724 1813 intervallo
743 1766 832 1813 AD
858 1766 1163 1814 describatur
1181 1765 1392 1813 circulus
1416 1765 1601 1813 AFBE.
1670 1765 1769 1814 De-

385 1841 498 1888 inde
522 1841 583 1888 ad
607 1850 844 1904 punctum
868 1842 912 1888 A
936 1850 1100 1889 erecta
1125 1842 1187 1889 sit
1219 1840 1639 1905 perpendicularis
1663 1841 1768 1901 Ac,

386 1916 583 1979 aequalis
609 1916 734 1964 datae
760 1916 861 1964 AB.
930 1918 993 1964 Et
1030 1916 1238 1964 ducatur
1268 1932 1356 1980 per
1388 1924 1612 1964 centrum
1636 1916 1681 1964 D
1705 1916 1770 1965 ad

384 1992 707 2055 peripheriam
747 2008 1012 2040 concavam
1051 1993 1150 2051 CE,
1189 1993 1269 2041 cui
1305 1992 1368 2040 sit
1398 1992 1532 2040 facta
1568 1992 1769 2056 aequalis

453 2142 575 2189 Dico
602 2150 754 2191 totam
778 2142 867 2190 AG
885 2142 1089 2190 eandem
1111 2143 1292 2191 habere
1317 2142 1558 2190 rationem
1581 2141 1645 2190 ad
1662 2142 1768 2202 AB,

387 2233 531 2280 quam
554 2217 701 2265 habet
725 2218 810 2265 AB
834 2218 896 2265 ad
922 2218 1020 2266 BG.
1093 2219 1340 2267 Quoniam
1375 2218 1505 2266 enim
1546 2223 1654 2282 (per
1688 2224 1768 2268 36.

387 2292 538 2340 Elem.
564 2292 635 2352 iii)
665 2301 737 2340 est
759 2301 816 2340 ut
837 2293 919 2340 EC
938 2294 1000 2341 ad
1024 2294 1117 2350 EF,
1136 2294 1205 2342 ita
1229 2293 1311 2341 EF
1333 2293 1396 2341 ad
1414 2293 1508 2351 FC,
1533 2293 1628 2342 erit
1651 2309 1770 2357 quo-

389 2382 481 2429 que
516 2375 572 2414 ut
599 2367 698 2424 AG,
736 2368 933 2430 aequalis
965 2368 1056 2431 ipsi
1087 2369 1185 2428 EC,
1222 2369 1285 2416 ad
1308 2369 1396 2417 AB
1419 2369 1652 2432 aequalem
1676 2369 1770 2433 ipsi

388 2441 482 2498 EF,
508 2441 574 2489 ita
598 2442 684 2489 AB
708 2442 771 2490 ad
806 2443 888 2490 BG
912 2444 1144 2506 aequalem
1182 2444 1275 2507 ipsi
1310 2444 1403 2492 FC.
1475 2443 1656 2503 Quare,
1680 2459 1770 2508 per

388 2515 718 2564 definitionem
745 2526 974 2566 extremae
999 2527 1048 2566 et
1083 2519 1257 2567 mediae
1281 2519 1498 2576 rationis,
1522 2527 1659 2568 recta
1680 2519 1770 2568 AG

389 2590 543 2638 divisa
565 2598 638 2638 est
662 2599 877 2640 extrema
899 2602 949 2640 et
973 2594 1131 2642 media
1149 2595 1339 2643 ratione
1362 2595 1413 2643 in
1437 2603 1623 2659 puncto
1650 2594 1706 2643 Β.

456 2666 640 2714 Rursus
672 2666 735 2713 sit
776 2667 858 2714 BG
898 2677 1201 2730 segmentum
1242 2671 1402 2718 minus
1437 2672 1770 2734 cujuscunque

388 2750 549 2787 rectae.
612 2741 813 2788 Secetur
840 2742 921 2789 BG
941 2743 1054 2790 data
1074 2744 1297 2792 bifariam
1320 2746 1369 2792 in
1393 2745 1450 2793 C.
1509 2746 1573 2793 Et
1597 2753 1768 2794 centro

390 2815 444 2872 C,
474 2815 727 2863 intervallo
769 2816 852 2864 CB
894 2818 1197 2867 describatur
1234 2821 1443 2869 circulus
1482 2821 1638 2870 BMG.
1709 2821 1769 2870 In

389 2891 526 2954 cujus
550 2891 939 2940 circumferentia
961 2903 1154 2958 sumpto
1177 2896 1448 2959 quadrante
1482 2897 1595 2957 ΒΜ,
1620 2897 1770 2946 duca-
