<?xml version="1.0" encoding="UTF-8"?>
<!DOCTYPE html PUBLIC "-//W3C//DTD XHTML 1.0 Transitional//EN"
    "http://www.w3.org/TR/xhtml1/DTD/xhtml1-transitional.dtd">
<html xmlns="http://www.w3.org/1999/xhtml" xml:lang="en" lang="en">
 <head>
  <title>
</title>
<meta http-equiv="Content-Type" content="text/html;charset=utf-8" />
  <meta name='ocr-system' content='tesseract 3.04.00' />
  <meta name='ocr-capabilities' content='ocr_page ocr_carea ocr_par ocr_line ocrx_word'/>
</head>
<body>
  <div class='ocr_page' id='page_1' title='image "./operaphilosophic05hobbuoft_0206.png"; bbox 0 0 1982 3204; ppageno 0'>
   <div class='ocr_carea' id='block_1_1' title="bbox 410 279 1488 324">
    <p class='ocr_par' dir='ltr' id='par_1_1' title="bbox 410 279 1488 324">
     <span class='ocr_line' id='line_1_1' title="bbox 410 279 1488 324; baseline 0 -1"><span class='ocrx_word' id='word_1_1' title='bbox 410 279 501 323; x_wconf 78' lang='lat'><strong>198</strong></span> <span class='ocrx_word' id='word_1_2' title='bbox 705 291 995 324; x_wconf 77' lang='lat' dir='ltr'>PRINCIPIA</span> <span class='ocrx_word' id='word_1_3' title='bbox 1023 291 1090 324; x_wconf 87' lang='lat' dir='ltr'><strong>ET</strong></span> <span class='ocrx_word' id='word_1_4' title='bbox 1117 290 1488 324; x_wconf 82' lang='lat' dir='ltr'><strong>PROBLEMATA</strong></span> 
     </span>
    </p>
   </div>
   <div class='ocr_carea' id='block_1_2' title="bbox 122 402 1794 2581">
    <p class='ocr_par' dir='ltr' id='par_1_2' title="bbox 122 402 1792 768">
     <span class='ocr_line' id='line_1_2' title="bbox 174 402 1792 466; baseline 0.004 -21"><span class='ocrx_word' id='word_1_5' title='bbox 174 419 263 445; x_wconf 67' lang='lat' dir='ltr'><strong>cu».</strong></span> <span class='ocrx_word' id='word_1_6' title='bbox 284 419 324 445; x_wconf 86' lang='lat' dir='ltr'><strong>x.</strong></span> <span class='ocrx_word' id='word_1_7' title='bbox 406 402 595 450; x_wconf 78' lang='lat' dir='ltr'><strong>ratione</strong></span> <span class='ocrx_word' id='word_1_8' title='bbox 623 411 868 451; x_wconf 83' lang='lat' dir='ltr'><strong>rectarum</strong></span> <span class='ocrx_word' id='word_1_9' title='bbox 903 403 997 462; x_wconf 78' lang='lat' dir='ltr'><strong>Aa,</strong></span> <span class='ocrx_word' id='word_1_10' title='bbox 1027 403 1118 459; x_wconf 81' lang='lat' dir='ltr'><strong>Ab,</strong></span> <span class='ocrx_word' id='word_1_11' title='bbox 1150 403 1222 450; x_wconf 84' lang='lat' dir='ltr'><strong>Ac</strong></span> <span class='ocrx_word' id='word_1_12' title='bbox 1257 411 1375 450; x_wconf 86' lang='lat' dir='ltr'><strong>etc.:</strong></span> <span class='ocrx_word' id='word_1_13' title='bbox 1413 402 1625 465; x_wconf 84' lang='lat' dir='ltr'><strong>spatium</strong></span> <span class='ocrx_word' id='word_1_14' title='bbox 1659 402 1792 466; x_wconf 85' lang='lat' dir='ltr'><strong>quod</strong></span> 
     </span>
     <span class='ocr_line' id='line_1_3' title="bbox 122 477 1791 542; baseline 0.001 -20"><span class='ocrx_word' id='word_1_15' title='bbox 122 506 388 534; x_wconf 56' lang='lat' dir='ltr'><strong>1t‹-1·„m‹12³0nffis</strong></span> <span class='ocrx_word' id='word_1_16' title='bbox 405 486 543 526; x_wconf 82' lang='lat' dir='ltr'><strong>extra</strong></span> <span class='ocrx_word' id='word_1_17' title='bbox 561 478 737 526; x_wconf 86' lang='lat' dir='ltr'><strong>lineam</strong></span> <span class='ocrx_word' id='word_1_18' title='bbox 762 479 987 542; x_wconf 84' lang='lat' dir='ltr'><strong>spiralem</strong></span> <span class='ocrx_word' id='word_1_19' title='bbox 1006 478 1297 541; x_wconf 83' lang='lat' dir='ltr'>relinquitur</span> <span class='ocrx_word' id='word_1_20' title='bbox 1315 477 1567 533; x_wconf 89' lang='lat' dir='ltr'><strong>infectum,</strong></span> <span class='ocrx_word' id='word_1_21' title='bbox 1588 477 1791 541; x_wconf 91' lang='lat' dir='ltr'><strong>duplum</strong></span> 
     </span>
     <span class='ocr_line' id='line_1_4' title="bbox 328 552 1792 617; baseline 0.001 -18"><span class='ocrx_word' id='word_1_22' title='bbox 328 559 388 587; x_wconf 49' lang='grc' dir='ltr'><strong>ΡΨ·</strong></span> <span class='ocrx_word' id='word_1_23' title='bbox 405 553 498 600; x_wconf 88' lang='lat' dir='ltr'><strong>erit</strong></span> <span class='ocrx_word' id='word_1_24' title='bbox 535 554 639 616; x_wconf 88' lang='lat' dir='ltr'><strong>ejus</strong></span> <span class='ocrx_word' id='word_1_25' title='bbox 676 554 806 617; x_wconf 91' lang='lat' dir='ltr'><strong>quod</strong></span> <span class='ocrx_word' id='word_1_26' title='bbox 847 554 1055 601; x_wconf 85' lang='lat' dir='ltr'><strong>efficitur</strong></span> <span class='ocrx_word' id='word_1_27' title='bbox 1089 569 1118 600; x_wconf 88' lang='lat' dir='ltr'><strong>a</strong></span> <span class='ocrx_word' id='word_1_28' title='bbox 1158 552 1476 600; x_wconf 78' lang='lat' dir='ltr'>conversione</span> <span class='ocrx_word' id='word_1_29' title='bbox 1517 552 1703 615; x_wconf 86' lang='lat' dir='ltr'>spirali:</span> <span class='ocrx_word' id='word_1_30' title='bbox 1742 559 1792 600; x_wconf 89' lang='lat' dir='ltr'><strong>et</strong></span> 
     </span>
     <span class='ocr_line' id='line_1_5' title="bbox 403 628 1791 692; baseline 0 -16"><span class='ocrx_word' id='word_1_31' title='bbox 403 637 666 692; x_wconf 83' lang='lat' dir='ltr'><strong>propterea</strong></span> <span class='ocrx_word' id='word_1_32' title='bbox 698 630 842 677; x_wconf 89' lang='lat' dir='ltr'><strong>ambo</strong></span> <span class='ocrx_word' id='word_1_33' title='bbox 879 628 1021 677; x_wconf 87' lang='lat' dir='ltr'><strong>simul</strong></span> <span class='ocrx_word' id='word_1_34' title='bbox 1058 629 1230 691; x_wconf 85' lang='lat' dir='ltr'><strong>spatia,</strong></span> <span class='ocrx_word' id='word_1_35' title='bbox 1255 628 1441 676; x_wconf 87' lang='lat' dir='ltr'><strong>factum</strong></span> <span class='ocrx_word' id='word_1_36' title='bbox 1465 637 1516 676; x_wconf 88' lang='lat' dir='ltr'><strong>et</strong></span> <span class='ocrx_word' id='word_1_37' title='bbox 1538 628 1791 687; x_wconf 87' lang='lat' dir='ltr'><strong>infectum,</strong></span> 
     </span>
     <span class='ocr_line' id='line_1_6' title="bbox 404 705 1098 768; baseline 0.001 -17"><span class='ocrx_word' id='word_1_38' title='bbox 404 705 548 768; x_wconf 84' lang='lat' dir='ltr'><strong>spatii</strong></span> <span class='ocrx_word' id='word_1_39' title='bbox 572 706 762 768; x_wconf 86' lang='lat' dir='ltr'>spiralis</span> <span class='ocrx_word' id='word_1_40' title='bbox 787 713 860 753; x_wconf 86' lang='lat' dir='ltr'><strong>est</strong></span> <span class='ocrx_word' id='word_1_41' title='bbox 882 705 1098 768; x_wconf 87' lang='lat' dir='ltr'><strong>triplum.</strong></span> 
     </span>
    </p>

    <p class='ocr_par' dir='ltr' id='par_1_3' title="bbox 402 779 1794 1055">
     <span class='ocr_line' id='line_1_7' title="bbox 471 779 1792 843; baseline -0.001 -15"><span class='ocrx_word' id='word_1_42' title='bbox 471 795 520 827; x_wconf 87' lang='lat' dir='ltr'><strong>v.</strong></span> <span class='ocrx_word' id='word_1_43' title='bbox 559 780 879 828; x_wconf 84' lang='lat' dir='ltr'><strong>Manifestum</strong></span> <span class='ocrx_word' id='word_1_44' title='bbox 910 789 1072 828; x_wconf 88' lang='lat' dir='ltr'><strong>autem</strong></span> <span class='ocrx_word' id='word_1_45' title='bbox 1098 788 1187 839; x_wconf 87' lang='lat' dir='ltr'><strong>est,</strong></span> <span class='ocrx_word' id='word_1_46' title='bbox 1213 796 1273 828; x_wconf 87' lang='lat' dir='ltr'><strong>ex</strong></span> <span class='ocrx_word' id='word_1_47' title='bbox 1297 796 1354 827; x_wconf 91' lang='lat' dir='ltr'><strong>eo</strong></span> <span class='ocrx_word' id='word_1_48' title='bbox 1379 779 1510 843; x_wconf 90' lang='lat' dir='ltr'><strong>quod</strong></span> <span class='ocrx_word' id='word_1_49' title='bbox 1541 779 1671 828; x_wconf 89' lang='lat' dir='ltr'><strong>linea</strong></span> <span class='ocrx_word' id='word_1_50' title='bbox 1693 779 1792 843; x_wconf 84' lang='lat' dir='ltr'>spi-</span> 
     </span>
     <span class='ocr_line' id='line_1_8' title="bbox 402 855 1792 921; baseline -0.001 -18"><span class='ocrx_word' id='word_1_51' title='bbox 402 856 518 903; x_wconf 85' lang='lat' dir='ltr'>ralis</span> <span class='ocrx_word' id='word_1_52' title='bbox 544 855 852 921; x_wconf 71' lang='lat' dir='ltr'><strong>Aubecleng</strong></span> <span class='ocrx_word' id='word_1_53' title='bbox 878 856 1044 904; x_wconf 87' lang='lat' dir='ltr'><strong>deficit</strong></span> <span class='ocrx_word' id='word_1_54' title='bbox 1067 863 1304 919; x_wconf 90' lang='lat' dir='ltr'><strong>perpetuo</strong></span> <span class='ocrx_word' id='word_1_55' title='bbox 1329 855 1380 902; x_wconf 92' lang='lat' dir='ltr'><strong>in</strong></span> <span class='ocrx_word' id='word_1_56' title='bbox 1405 855 1577 902; x_wconf 90' lang='lat' dir='ltr'><strong>eadem</strong></span> <span class='ocrx_word' id='word_1_57' title='bbox 1601 855 1792 903; x_wconf 87' lang='lat' dir='ltr'><strong>ratione</strong></span> 
     </span>
     <span class='ocr_line' id='line_1_9' title="bbox 403 931 1794 996; baseline -0.001 -17"><span class='ocrx_word' id='word_1_58' title='bbox 403 948 515 979; x_wconf 90' lang='lat' dir='ltr'><strong>cum</strong></span> <span class='ocrx_word' id='word_1_59' title='bbox 539 933 855 995; x_wconf 82' lang='lat' dir='ltr'><strong>temporibus,</strong></span> <span class='ocrx_word' id='word_1_60' title='bbox 882 933 1119 996; x_wconf 89' lang='lat' dir='ltr'><strong>aequalem</strong></span> <span class='ocrx_word' id='word_1_61' title='bbox 1152 948 1259 979; x_wconf 85' lang='lat' dir='ltr'><strong>eam</strong></span> <span class='ocrx_word' id='word_1_62' title='bbox 1297 947 1401 979; x_wconf 86' lang='lat' dir='ltr'><strong>esse</strong></span> <span class='ocrx_word' id='word_1_63' title='bbox 1425 931 1640 979; x_wconf 88' lang='lat' dir='ltr'><strong>dimidiae</strong></span> <span class='ocrx_word' id='word_1_64' title='bbox 1661 931 1794 995; x_wconf 90' lang='lat' dir='ltr'>peri-</span> 
     </span>
     <span class='ocr_line' id='line_1_10' title="bbox 402 1005 925 1055; baseline -0.002 -1"><span class='ocrx_word' id='word_1_65' title='bbox 402 1017 560 1055; x_wconf 86' lang='lat' dir='ltr'><strong>metro</strong></span> <span class='ocrx_word' id='word_1_66' title='bbox 585 1007 754 1054; x_wconf 90' lang='lat' dir='ltr'>circuli</span> <span class='ocrx_word' id='word_1_67' title='bbox 779 1005 925 1054; x_wconf 85' lang='lat' dir='ltr'><strong>BCD.</strong></span> 
     </span>
    </p>

    <p class='ocr_par' dir='ltr' id='par_1_4' title="bbox 402 1080 1792 1282">
     <span class='ocr_line' id='line_1_11' title="bbox 471 1080 1791 1144; baseline -0.002 -13"><span class='ocrx_word' id='word_1_68' title='bbox 471 1098 548 1131; x_wconf 82' lang='lat' dir='ltr'><strong>VI.</strong></span> <span class='ocrx_word' id='word_1_69' title='bbox 586 1083 727 1140; x_wconf 87' lang='lat' dir='ltr'><strong>Item,</strong></span> <span class='ocrx_word' id='word_1_70' title='bbox 748 1081 956 1129; x_wconf 84' lang='lat' dir='ltr'><strong>solidum</strong></span> <span class='ocrx_word' id='word_1_71' title='bbox 977 1083 1114 1144; x_wconf 79' lang='lat' dir='ltr'><strong>quuS</strong></span> <span class='ocrx_word' id='word_1_72' title='bbox 1128 1080 1256 1128; x_wconf 85' lang='lat' dir='ltr'>basis</span> <span class='ocrx_word' id='word_1_73' title='bbox 1276 1088 1351 1128; x_wconf 89' lang='lat' dir='ltr'><strong>est</strong></span> <span class='ocrx_word' id='word_1_74' title='bbox 1369 1081 1576 1143; x_wconf 86' lang='lat' dir='ltr'><strong>spatium</strong></span> <span class='ocrx_word' id='word_1_75' title='bbox 1598 1081 1791 1144; x_wconf 86' lang='lat' dir='ltr'><strong>spirale,</strong></span> 
     </span>
     <span class='ocr_line' id='line_1_12' title="bbox 402 1156 1792 1221; baseline -0.001 -15"><span class='ocrx_word' id='word_1_76' title='bbox 402 1159 596 1206; x_wconf 85' lang='lat' dir='ltr'><strong>tertiam</strong></span> <span class='ocrx_word' id='word_1_77' title='bbox 621 1174 725 1206; x_wconf 85' lang='lat' dir='ltr'><strong>esse</strong></span> <span class='ocrx_word' id='word_1_78' title='bbox 748 1165 935 1221; x_wconf 87' lang='lat' dir='ltr'><strong>partem</strong></span> <span class='ocrx_word' id='word_1_79' title='bbox 957 1157 1165 1220; x_wconf 87' lang='lat' dir='ltr'>cylindri</span> <span class='ocrx_word' id='word_1_80' title='bbox 1184 1157 1323 1219; x_wconf 85' lang='lat' dir='ltr'><strong>cujus</strong></span> <span class='ocrx_word' id='word_1_81' title='bbox 1342 1156 1470 1204; x_wconf 85' lang='lat' dir='ltr'>basis</span> <span class='ocrx_word' id='word_1_82' title='bbox 1489 1164 1562 1204; x_wconf 88' lang='lat' dir='ltr'><strong>est</strong></span> <span class='ocrx_word' id='word_1_83' title='bbox 1581 1156 1792 1204; x_wconf 88' lang='lat' dir='ltr'><strong>circulus</strong></span> 
     </span>
     <span class='ocr_line' id='line_1_13' title="bbox 404 1233 619 1282; baseline -0.005 0"><span class='ocrx_word' id='word_1_84' title='bbox 404 1233 619 1282; x_wconf 88' lang='lat' dir='ltr'><strong>BCD—.</strong></span> 
     </span>
    </p>

    <p class='ocr_par' dir='ltr' id='par_1_5' title="bbox 399 1307 1794 2127">
     <span class='ocr_line' id='line_1_14' title="bbox 470 1307 1793 1371; baseline -0.001 -15"><span class='ocrx_word' id='word_1_85' title='bbox 470 1324 570 1357; x_wconf 80' lang='lat' dir='ltr'><strong>vn.</strong></span> <span class='ocrx_word' id='word_1_86' title='bbox 609 1309 751 1366; x_wconf 87' lang='lat' dir='ltr'><strong>Item,</strong></span> <span class='ocrx_word' id='word_1_87' title='bbox 800 1308 1092 1371; x_wconf 86' lang='lat' dir='ltr'><strong>quadratum</strong></span> <span class='ocrx_word' id='word_1_88' title='bbox 1133 1309 1316 1357; x_wconf 88' lang='lat' dir='ltr'>circulo</span> <span class='ocrx_word' id='word_1_89' title='bbox 1363 1308 1551 1356; x_wconf 88' lang='lat' dir='ltr'>BCD—</span> <span class='ocrx_word' id='word_1_90' title='bbox 1587 1307 1793 1356; x_wconf 88' lang='lat' dir='ltr'><strong>circum-</strong></span> 
     </span>
     <span class='ocr_line' id='line_1_15' title="bbox 404 1383 1791 1448; baseline -0.001 -16"><span class='ocrx_word' id='word_1_91' title='bbox 404 1386 656 1448; x_wconf 81' lang='lat' dir='ltr'><strong>scriptum,</strong></span> <span class='ocrx_word' id='word_1_92' title='bbox 677 1399 781 1431; x_wconf 85' lang='lat' dir='ltr'><strong>esse</strong></span> <span class='ocrx_word' id='word_1_93' title='bbox 806 1384 869 1431; x_wconf 86' lang='lat' dir='ltr'><strong>ad</strong></span> <span class='ocrx_word' id='word_1_94' title='bbox 892 1384 1104 1446; x_wconf 86' lang='lat' dir='ltr'><strong>spatium</strong></span> <span class='ocrx_word' id='word_1_95' title='bbox 1129 1384 1305 1447; x_wconf 81' lang='lat' dir='ltr'><strong>spirale</strong></span> <span class='ocrx_word' id='word_1_96' title='bbox 1329 1391 1384 1431; x_wconf 92' lang='lat' dir='ltr'><strong>ut</strong></span> <span class='ocrx_word' id='word_1_97' title='bbox 1410 1390 1464 1432; x_wconf 84' lang='lat'><strong>15</strong></span> <span class='ocrx_word' id='word_1_98' title='bbox 1485 1383 1548 1430; x_wconf 88' lang='lat' dir='ltr'><strong>ad</strong></span> <span class='ocrx_word' id='word_1_99' title='bbox 1566 1389 1612 1430; x_wconf 91' lang='lat'><strong>4.</strong></span> <span class='ocrx_word' id='word_1_100' title='bbox 1659 1383 1791 1433; x_wconf 76' lang='lat' dir='ltr'><strong>Qua·</strong></span> 
     </span>
     <span class='ocr_line' id='line_1_16' title="bbox 403 1459 1793 1522; baseline -0.001 -14"><span class='ocrx_word' id='word_1_101' title='bbox 403 1461 598 1508; x_wconf 86' lang='lat' dir='ltr'><strong>dratum</strong></span> <span class='ocrx_word' id='word_1_102' title='bbox 630 1460 760 1506; x_wconf 88' lang='lat' dir='ltr'><strong>enim</strong></span> <span class='ocrx_word' id='word_1_103' title='bbox 797 1459 860 1506; x_wconf 89' lang='lat' dir='ltr'><strong>ad</strong></span> <span class='ocrx_word' id='word_1_104' title='bbox 899 1459 1136 1506; x_wconf 89' lang='lat' dir='ltr'><strong>circulum</strong></span> <span class='ocrx_word' id='word_1_105' title='bbox 1169 1460 1262 1507; x_wconf 87' lang='lat' dir='ltr'>sibi</span> <span class='ocrx_word' id='word_1_106' title='bbox 1293 1459 1584 1522; x_wconf 82' lang='lat' dir='ltr'><strong>inscriptum</strong></span> <span class='ocrx_word' id='word_1_107' title='bbox 1616 1467 1705 1518; x_wconf 88' lang='lat' dir='ltr'><strong>est,</strong></span> <span class='ocrx_word' id='word_1_108' title='bbox 1732 1467 1793 1507; x_wconf 86' lang='lat' dir='ltr'><strong>ut</strong></span> 
     </span>
     <span class='ocr_line' id='line_1_17' title="bbox 403 1534 1793 1599; baseline -0.001 -16"><span class='ocrx_word' id='word_1_109' title='bbox 403 1552 550 1598; x_wconf 84' lang='lat' dir='ltr'><strong>supra</strong></span> <span class='ocrx_word' id='word_1_110' title='bbox 574 1535 1014 1582; x_wconf 86' lang='lat' dir='ltr'><strong>demonstravimus</strong></span> <span class='ocrx_word' id='word_1_111' title='bbox 1049 1535 1163 1582; x_wconf 89' lang='lat' dir='ltr'><strong>item</strong></span> <span class='ocrx_word' id='word_1_112' title='bbox 1197 1536 1375 1583; x_wconf 90' lang='lat' dir='ltr'><strong>cubum</strong></span> <span class='ocrx_word' id='word_1_113' title='bbox 1401 1551 1430 1582; x_wconf 88' lang='lat' dir='ltr'><strong>a</strong></span> <span class='ocrx_word' id='word_1_114' title='bbox 1454 1534 1592 1582; x_wconf 87' lang='lat' dir='ltr'>radio</span> <span class='ocrx_word' id='word_1_115' title='bbox 1616 1534 1679 1582; x_wconf 91' lang='lat' dir='ltr'><strong>ad</strong></span> <span class='ocrx_word' id='word_1_116' title='bbox 1712 1551 1793 1599; x_wconf 88' lang='lat' dir='ltr'><strong>cy-</strong></span> 
     </span>
     <span class='ocr_line' id='line_1_18' title="bbox 400 1609 1791 1674; baseline 0.001 -16"><span class='ocrx_word' id='word_1_117' title='bbox 400 1611 616 1658; x_wconf 86' lang='lat' dir='ltr'><strong>lindrum</strong></span> <span class='ocrx_word' id='word_1_118' title='bbox 647 1626 767 1668; x_wconf 83' lang='lat' dir='ltr'><strong>esse,</strong></span> <span class='ocrx_word' id='word_1_119' title='bbox 792 1616 848 1657; x_wconf 90' lang='lat' dir='ltr'><strong>ut</strong></span> <span class='ocrx_word' id='word_1_120' title='bbox 885 1617 911 1658; x_wconf 87' lang='lat'>5</span> <span class='ocrx_word' id='word_1_121' title='bbox 949 1609 1012 1658; x_wconf 92' lang='lat' dir='ltr'><strong>ad</strong></span> <span class='ocrx_word' id='word_1_122' title='bbox 1037 1616 1083 1658; x_wconf 86' lang='lat'><strong>4.</strong></span> <span class='ocrx_word' id='word_1_123' title='bbox 1156 1611 1481 1674; x_wconf 90' lang='lat' dir='ltr'><strong>Componitur</strong></span> <span class='ocrx_word' id='word_1_124' title='bbox 1515 1627 1634 1674; x_wconf 85' lang='lat' dir='ltr'><strong>ergo</strong></span> <span class='ocrx_word' id='word_1_125' title='bbox 1664 1611 1791 1660; x_wconf 85' lang='lat' dir='ltr'><strong>ratio</strong></span> 
     </span>
     <span class='ocr_line' id='line_1_19' title="bbox 401 1685 1792 1750; baseline -0.001 -16"><span class='ocrx_word' id='word_1_126' title='bbox 401 1686 628 1750; x_wconf 85' lang='lat' dir='ltr'><strong>quadrati</strong></span> <span class='ocrx_word' id='word_1_127' title='bbox 652 1685 716 1732; x_wconf 86' lang='lat' dir='ltr'><strong>ad</strong></span> <span class='ocrx_word' id='word_1_128' title='bbox 740 1685 950 1748; x_wconf 86' lang='lat' dir='ltr'><strong>spatium</strong></span> <span class='ocrx_word' id='word_1_129' title='bbox 975 1685 1152 1748; x_wconf 87' lang='lat' dir='ltr'><strong>spirale</strong></span> <span class='ocrx_word' id='word_1_130' title='bbox 1176 1702 1236 1733; x_wconf 84' lang='lat' dir='ltr'><strong>ex</strong></span> <span class='ocrx_word' id='word_1_131' title='bbox 1260 1686 1531 1734; x_wconf 86' lang='lat' dir='ltr'><strong>rationibus</strong></span> <span class='ocrx_word' id='word_1_132' title='bbox 1557 1692 1584 1733; x_wconf 90' lang='lat'>5</span> <span class='ocrx_word' id='word_1_133' title='bbox 1611 1685 1674 1734; x_wconf 87' lang='lat' dir='ltr'><strong>ad</strong></span> <span class='ocrx_word' id='word_1_134' title='bbox 1692 1691 1722 1733; x_wconf 88' lang='lat'>4</span> <span class='ocrx_word' id='word_1_135' title='bbox 1742 1693 1792 1734; x_wconf 85' lang='lat' dir='ltr'><strong>et</strong></span> 
     </span>
     <span class='ocr_line' id='line_1_20' title="bbox 402 1761 1792 1824; baseline -0.001 -14"><span class='ocrx_word' id='word_1_136' title='bbox 402 1768 432 1809; x_wconf 89' lang='lat'><strong>3</strong></span> <span class='ocrx_word' id='word_1_137' title='bbox 458 1763 521 1810; x_wconf 88' lang='lat' dir='ltr'><strong>ad</strong></span> <span class='ocrx_word' id='word_1_138' title='bbox 553 1769 591 1810; x_wconf 92' lang='lat' dir='ltr'><strong>l.</strong></span> <span class='ocrx_word' id='word_1_139' title='bbox 639 1762 811 1824; x_wconf 84' lang='lat' dir='ltr'><strong>Itaque</strong></span> <span class='ocrx_word' id='word_1_140' title='bbox 836 1761 877 1808; x_wconf 83' lang='lat' dir='ltr'><strong>si</strong></span> <span class='ocrx_word' id='word_1_141' title='bbox 901 1762 986 1808; x_wconf 85' lang='lat' dir='ltr'><strong>fiat</strong></span> <span class='ocrx_word' id='word_1_142' title='bbox 1010 1769 1066 1809; x_wconf 90' lang='lat' dir='ltr'><strong>ut</strong></span> <span class='ocrx_word' id='word_1_143' title='bbox 1091 1768 1120 1809; x_wconf 89' lang='lat'><strong>3</strong></span> <span class='ocrx_word' id='word_1_144' title='bbox 1144 1762 1206 1809; x_wconf 89' lang='lat' dir='ltr'><strong>ad</strong></span> <span class='ocrx_word' id='word_1_145' title='bbox 1230 1769 1246 1810; x_wconf 95' lang='lat' dir='ltr'>l</span> <span class='ocrx_word' id='word_1_146' title='bbox 1273 1763 1344 1810; x_wconf 86' lang='lat' dir='ltr'><strong>ita</strong></span> <span class='ocrx_word' id='word_1_147' title='bbox 1362 1768 1390 1809; x_wconf 93' lang='lat'>4</span> <span class='ocrx_word' id='word_1_148' title='bbox 1417 1761 1480 1809; x_wconf 86' lang='lat' dir='ltr'><strong>ad</strong></span> <span class='ocrx_word' id='word_1_149' title='bbox 1503 1762 1664 1820; x_wconf 86' lang='lat' dir='ltr'><strong>aliam,</strong></span> <span class='ocrx_word' id='word_1_150' title='bbox 1682 1777 1792 1824; x_wconf 83' lang='lat' dir='ltr'><strong>quae</strong></span> 
     </span>
     <span class='ocr_line' id='line_1_21' title="bbox 402 1837 1791 1901; baseline -0.001 -16"><span class='ocrx_word' id='word_1_151' title='bbox 402 1838 496 1885; x_wconf 86' lang='lat' dir='ltr'><strong>erit</strong></span> <span class='ocrx_word' id='word_1_152' title='bbox 519 1837 581 1897; x_wconf 48' lang='grc' dir='ltr'><strong>ᾖ,</strong></span> <span class='ocrx_word' id='word_1_153' title='bbox 607 1838 701 1885; x_wconf 84' lang='lat' dir='ltr'><strong>erit</strong></span> <span class='ocrx_word' id='word_1_154' title='bbox 723 1838 849 1885; x_wconf 88' lang='lat' dir='ltr'><strong>ratio</strong></span> <span class='ocrx_word' id='word_1_155' title='bbox 875 1837 1101 1900; x_wconf 84' lang='lat' dir='ltr'><strong>quadrati</strong></span> <span class='ocrx_word' id='word_1_156' title='bbox 1129 1838 1192 1885; x_wconf 88' lang='lat' dir='ltr'><strong>ad</strong></span> <span class='ocrx_word' id='word_1_157' title='bbox 1225 1838 1437 1901; x_wconf 84' lang='lat' dir='ltr'><strong>spatium</strong></span> <span class='ocrx_word' id='word_1_158' title='bbox 1463 1837 1639 1900; x_wconf 84' lang='lat' dir='ltr'><strong>spirale</strong></span> <span class='ocrx_word' id='word_1_159' title='bbox 1662 1853 1791 1884; x_wconf 91' lang='lat' dir='ltr'><strong>com·</strong></span> 
     </span>
     <span class='ocr_line' id='line_1_22' title="bbox 400 1912 1794 1976; baseline 0 -16"><span class='ocrx_word' id='word_1_160' title='bbox 400 1913 614 1976; x_wconf 87' lang='lat' dir='ltr'><strong>positum</strong></span> <span class='ocrx_word' id='word_1_161' title='bbox 638 1929 698 1961; x_wconf 87' lang='lat' dir='ltr'><strong>ex</strong></span> <span class='ocrx_word' id='word_1_162' title='bbox 722 1913 993 1961; x_wconf 83' lang='lat' dir='ltr'><strong>rationibus</strong></span> <span class='ocrx_word' id='word_1_163' title='bbox 1020 1919 1047 1960; x_wconf 90' lang='lat'>5</span> <span class='ocrx_word' id='word_1_164' title='bbox 1074 1913 1137 1960; x_wconf 88' lang='lat' dir='ltr'><strong>ad</strong></span> <span class='ocrx_word' id='word_1_165' title='bbox 1161 1920 1190 1960; x_wconf 88' lang='lat'>4</span> <span class='ocrx_word' id='word_1_166' title='bbox 1218 1923 1266 1961; x_wconf 87' lang='lat' dir='ltr'><strong>et</strong></span> <span class='ocrx_word' id='word_1_167' title='bbox 1290 1920 1318 1962; x_wconf 89' lang='lat'>4</span> <span class='ocrx_word' id='word_1_168' title='bbox 1348 1913 1411 1961; x_wconf 89' lang='lat' dir='ltr'><strong>ad</strong></span> <span class='ocrx_word' id='word_1_169' title='bbox 1435 1912 1496 1973; x_wconf 54' lang='grc' dir='ltr'><strong>-ξ,</strong></span> <span class='ocrx_word' id='word_1_170' title='bbox 1569 1912 1794 1962; x_wconf 74' lang='lat' dir='ltr'><strong>Quadra-</strong></span> 
     </span>
     <span class='ocr_line' id='line_1_23' title="bbox 402 1987 1791 2051; baseline 0.001 -16"><span class='ocrx_word' id='word_1_171' title='bbox 402 2000 508 2036; x_wconf 85' lang='lat' dir='ltr'><strong>tum</strong></span> <span class='ocrx_word' id='word_1_172' title='bbox 532 2004 649 2051; x_wconf 83' lang='lat' dir='ltr'><strong>ergo</strong></span> <span class='ocrx_word' id='word_1_173' title='bbox 674 1988 738 2036; x_wconf 92' lang='lat' dir='ltr'><strong>ad</strong></span> <span class='ocrx_word' id='word_1_174' title='bbox 762 1988 973 2051; x_wconf 84' lang='lat' dir='ltr'><strong>spatium</strong></span> <span class='ocrx_word' id='word_1_175' title='bbox 997 1988 1175 2051; x_wconf 87' lang='lat' dir='ltr'><strong>spirale</strong></span> <span class='ocrx_word' id='word_1_176' title='bbox 1204 1997 1277 2036; x_wconf 88' lang='lat' dir='ltr'><strong>est</strong></span> <span class='ocrx_word' id='word_1_177' title='bbox 1312 1998 1368 2036; x_wconf 88' lang='lat' dir='ltr'><strong>ut</strong></span> <span class='ocrx_word' id='word_1_178' title='bbox 1394 1996 1421 2036; x_wconf 90' lang='lat'>5</span> <span class='ocrx_word' id='word_1_179' title='bbox 1448 1987 1511 2036; x_wconf 82' lang='lat' dir='ltr'><strong>ad</strong></span> <span class='ocrx_word' id='word_1_180' title='bbox 1539 1987 1571 2049; x_wconf 54' lang='grc' dir='ltr'>ξ</span> <span class='ocrx_word' id='word_1_181' title='bbox 1585 2025 1599 2047; x_wconf 90' lang='grc'>,</span> <span class='ocrx_word' id='word_1_182' title='bbox 1623 1988 1676 2036; x_wconf 88' lang='lat' dir='ltr'><strong>id</strong></span> <span class='ocrx_word' id='word_1_183' title='bbox 1699 1996 1791 2047; x_wconf 86' lang='lat' dir='ltr'><strong>est,</strong></span> 
     </span>
     <span class='ocr_line' id='line_1_24' title="bbox 399 2063 1471 2127; baseline 0 -16"><span class='ocrx_word' id='word_1_184' title='bbox 399 2072 608 2127; x_wconf 89' lang='lat' dir='ltr'><strong>utroque</strong></span> <span class='ocrx_word' id='word_1_185' title='bbox 632 2063 955 2127; x_wconf 84' lang='lat' dir='ltr'><strong>multiplicato</strong></span> <span class='ocrx_word' id='word_1_186' title='bbox 982 2079 1070 2126; x_wconf 90' lang='lat' dir='ltr'><strong>per</strong></span> <span class='ocrx_word' id='word_1_187' title='bbox 1095 2070 1141 2122; x_wconf 89' lang='lat'><strong>3,</strong></span> <span class='ocrx_word' id='word_1_188' title='bbox 1166 2071 1223 2110; x_wconf 87' lang='lat' dir='ltr'><strong>ut</strong></span> <span class='ocrx_word' id='word_1_189' title='bbox 1254 2070 1309 2111; x_wconf 90' lang='lat'><strong>15</strong></span> <span class='ocrx_word' id='word_1_190' title='bbox 1335 2064 1398 2111; x_wconf 84' lang='lat' dir='ltr'><strong>ad</strong></span> <span class='ocrx_word' id='word_1_191' title='bbox 1423 2070 1471 2111; x_wconf 88' lang='lat'><strong>4.</strong></span> 
     </span>
    </p>

    <p class='ocr_par' dir='ltr' id='par_1_6' title="bbox 392 2138 1792 2581">
     <span class='ocr_line' id='line_1_25' title="bbox 468 2138 1792 2202; baseline 0 -15"><span class='ocrx_word' id='word_1_192' title='bbox 468 2154 592 2187; x_wconf 81' lang='lat' dir='ltr'><strong>vul.</strong></span> <span class='ocrx_word' id='word_1_193' title='bbox 629 2140 701 2186; x_wconf 87' lang='lat' dir='ltr'><strong>Ex</strong></span> <span class='ocrx_word' id='word_1_194' title='bbox 717 2139 889 2187; x_wconf 88' lang='lat' dir='ltr'><strong>iisdem</strong></span> <span class='ocrx_word' id='word_1_195' title='bbox 904 2139 1051 2186; x_wconf 87' lang='lat' dir='ltr'><strong>etiam</strong></span> <span class='ocrx_word' id='word_1_196' title='bbox 1067 2139 1303 2202; x_wconf 86' lang='lat' dir='ltr'><strong>sequitur,</strong></span> <span class='ocrx_word' id='word_1_197' title='bbox 1319 2139 1359 2186; x_wconf 87' lang='lat' dir='ltr'><strong>si</strong></span> <span class='ocrx_word' id='word_1_198' title='bbox 1378 2139 1586 2187; x_wconf 88' lang='lat' dir='ltr'><strong>circulus</strong></span> <span class='ocrx_word' id='word_1_199' title='bbox 1605 2138 1792 2188; x_wconf 82' lang='lat' dir='ltr'>BCD-</span> 
     </span>
     <span class='ocr_line' id='line_1_26' title="bbox 402 2214 1792 2278; baseline 0.001 -16"><span class='ocrx_word' id='word_1_200' title='bbox 402 2215 466 2262; x_wconf 85' lang='lat' dir='ltr'><strong>sit</strong></span> <span class='ocrx_word' id='word_1_201' title='bbox 489 2216 618 2262; x_wconf 85' lang='lat' dir='ltr'>basis</span> <span class='ocrx_word' id='word_1_202' title='bbox 643 2214 848 2277; x_wconf 83' lang='lat' dir='ltr'>cylindri</span> <span class='ocrx_word' id='word_1_203' title='bbox 869 2215 1006 2278; x_wconf 85' lang='lat' dir='ltr'><strong>cujus</strong></span> <span class='ocrx_word' id='word_1_204' title='bbox 1024 2214 1152 2261; x_wconf 85' lang='lat' dir='ltr'><strong>basis</strong></span> <span class='ocrx_word' id='word_1_205' title='bbox 1172 2214 1235 2261; x_wconf 88' lang='lat' dir='ltr'><strong>sit</strong></span> <span class='ocrx_word' id='word_1_206' title='bbox 1253 2214 1450 2277; x_wconf 87' lang='lat' dir='ltr'><strong>aequalis</strong></span> <span class='ocrx_word' id='word_1_207' title='bbox 1475 2214 1644 2262; x_wconf 90' lang='lat' dir='ltr'>circuli</span> <span class='ocrx_word' id='word_1_208' title='bbox 1662 2216 1792 2278; x_wconf 87' lang='lat' dir='ltr'><strong>ejus-</strong></span> 
     </span>
     <span class='ocr_line' id='line_1_27' title="bbox 403 2290 1791 2353; baseline 0.001 -15"><span class='ocrx_word' id='word_1_209' title='bbox 403 2291 512 2338; x_wconf 89' lang='lat' dir='ltr'><strong>dem</strong></span> <span class='ocrx_word' id='word_1_210' title='bbox 538 2290 795 2348; x_wconf 88' lang='lat' dir='ltr'><strong>diametro,</strong></span> <span class='ocrx_word' id='word_1_211' title='bbox 822 2298 870 2338; x_wconf 91' lang='lat' dir='ltr'><strong>et</strong></span> <span class='ocrx_word' id='word_1_212' title='bbox 908 2290 1115 2338; x_wconf 89' lang='lat' dir='ltr'><strong>solidum</strong></span> <span class='ocrx_word' id='word_1_213' title='bbox 1146 2290 1233 2337; x_wconf 86' lang='lat' dir='ltr'><strong>fiat</strong></span> <span class='ocrx_word' id='word_1_214' title='bbox 1270 2291 1408 2353; x_wconf 87' lang='lat' dir='ltr'><strong>cujus</strong></span> <span class='ocrx_word' id='word_1_215' title='bbox 1437 2290 1567 2338; x_wconf 84' lang='lat' dir='ltr'><strong>basis</strong></span> <span class='ocrx_word' id='word_1_216' title='bbox 1592 2291 1791 2353; x_wconf 91' lang='lat' dir='ltr'><strong>quidem</strong></span> 
     </span>
     <span class='ocr_line' id='line_1_28' title="bbox 402 2365 1791 2429; baseline 0.001 -16"><span class='ocrx_word' id='word_1_217' title='bbox 402 2366 466 2413; x_wconf 83' lang='lat' dir='ltr'><strong>sit</strong></span> <span class='ocrx_word' id='word_1_218' title='bbox 486 2367 692 2428; x_wconf 86' lang='lat' dir='ltr'><strong>spatium</strong></span> <span class='ocrx_word' id='word_1_219' title='bbox 719 2366 910 2429; x_wconf 87' lang='lat' dir='ltr'><strong>spirale‚</strong></span> <span class='ocrx_word' id='word_1_220' title='bbox 937 2365 1143 2414; x_wconf 85' lang='lat' dir='ltr'><strong>altitudo</strong></span> <span class='ocrx_word' id='word_1_221' title='bbox 1168 2374 1333 2413; x_wconf 84' lang='lat' dir='ltr'><strong>autem</strong></span> <span class='ocrx_word' id='word_1_222' title='bbox 1357 2365 1556 2428; x_wconf 87' lang='lat' dir='ltr'><strong>aequalis</strong></span> <span class='ocrx_word' id='word_1_223' title='bbox 1581 2365 1791 2429; x_wconf 87' lang='lat' dir='ltr'>cylindri</span> 
     </span>
     <span class='ocr_line' id='line_1_29' title="bbox 392 2441 1792 2504; baseline 0.001 -15"><span class='ocrx_word' id='word_1_224' title='bbox 392 2441 682 2489; x_wconf 81' lang='lat' dir='ltr'><strong>altitudini:</strong></span> <span class='ocrx_word' id='word_1_225' title='bbox 721 2442 956 2504; x_wconf 83' lang='lat' dir='ltr'><strong>sphaeram</strong></span> <span class='ocrx_word' id='word_1_226' title='bbox 990 2442 1040 2489; x_wconf 89' lang='lat' dir='ltr'><strong>in</strong></span> <span class='ocrx_word' id='word_1_227' title='bbox 1074 2457 1170 2504; x_wconf 87' lang='lat' dir='ltr'><strong>qua</strong></span> <span class='ocrx_word' id='word_1_228' title='bbox 1197 2441 1437 2488; x_wconf 83' lang='lat' dir='ltr'><strong>maximus</strong></span> <span class='ocrx_word' id='word_1_229' title='bbox 1473 2441 1684 2490; x_wconf 86' lang='lat' dir='ltr'><strong>circulus</strong></span> <span class='ocrx_word' id='word_1_230' title='bbox 1715 2452 1792 2491; x_wconf 83' lang='lat' dir='ltr'><strong>est.</strong></span> 
     </span>
     <span class='ocr_line' id='line_1_30' title="bbox 403 2515 1791 2581; baseline 0.002 -18"><span class='ocrx_word' id='word_1_231' title='bbox 403 2515 592 2564; x_wconf 82' lang='lat' dir='ltr'>BCD—</span> <span class='ocrx_word' id='word_1_232' title='bbox 620 2517 723 2564; x_wconf 85' lang='lat' dir='ltr'><strong>fore</strong></span> <span class='ocrx_word' id='word_1_233' title='bbox 758 2517 898 2564; x_wconf 86' lang='lat' dir='ltr'>solidi</span> <span class='ocrx_word' id='word_1_234' title='bbox 930 2517 1153 2581; x_wconf 80' lang='lat' dir='ltr'><strong>praedicti</strong></span> <span class='ocrx_word' id='word_1_235' title='bbox 1189 2516 1408 2580; x_wconf 89' lang='lat' dir='ltr'><strong>duplum.</strong></span> <span class='ocrx_word' id='word_1_236' title='bbox 1480 2516 1791 2566; x_wconf 75' lang='lat' dir='ltr'><strong>Quadratum</strong></span> 
     </span>
    </p>
   </div>
   <div class='ocr_carea' id='block_1_3' title="bbox 122 560 312 622">
    <p class='ocr_par' dir='ltr' id='par_1_7' title="bbox 122 560 312 622">
     <span class='ocr_line' id='line_1_31' title="bbox 189 560 205 576; baseline -0.063 0"><span class='ocrx_word' id='word_1_237' title='bbox 189 560 205 576; x_wconf 74' lang='lat'>0</span> 
     </span>
     <span class='ocr_line' id='line_1_32' title="bbox 122 594 312 622; baseline 0.005 -1"><span class='ocrx_word' id='word_1_238' title='bbox 122 594 244 621; x_wconf 60' lang='lat' dir='ltr'><strong>iit-iebus</strong></span> <span class='ocrx_word' id='word_1_239' title='bbox 258 597 312 622; x_wconf 79' lang='lat' dir='ltr'><strong>ete.</strong></span> 
     </span>
    </p>
   </div>
   <div class='ocr_carea' id='block_1_4' title="bbox 390 2591 1791 2944">
    <p class='ocr_par' dir='ltr' id='par_1_8' title="bbox 390 2591 1791 2944">
     <span class='ocr_line' id='line_1_33' title="bbox 403 2591 1790 2650; baseline 0.002 -11"><span class='ocrx_word' id='word_1_240' title='bbox 403 2592 533 2640; x_wconf 89' lang='lat' dir='ltr'><strong>enim</strong></span> <span class='ocrx_word' id='word_1_241' title='bbox 579 2593 658 2639; x_wconf 88' lang='lat' dir='ltr'><strong>cui</strong></span> <span class='ocrx_word' id='word_1_242' title='bbox 705 2592 914 2640; x_wconf 87' lang='lat' dir='ltr'><strong>circulus</strong></span> <span class='ocrx_word' id='word_1_243' title='bbox 961 2591 1092 2641; x_wconf 86' lang='lat' dir='ltr'><strong>BCD</strong></span> <span class='ocrx_word' id='word_1_244' title='bbox 1130 2592 1428 2650; x_wconf 89' lang='lat' dir='ltr'><strong>inscribitur,</strong></span> <span class='ocrx_word' id='word_1_245' title='bbox 1467 2592 1595 2640; x_wconf 82' lang='lat' dir='ltr'><strong>sicut</strong></span> <span class='ocrx_word' id='word_1_246' title='bbox 1640 2592 1790 2642; x_wconf 83' lang='lat' dir='ltr'><strong>etiam</strong></span> 
     </span>
     <span class='ocr_line' id='line_1_34' title="bbox 401 2666 1791 2731; baseline 0.001 -16"><span class='ocrx_word' id='word_1_247' title='bbox 401 2668 553 2715; x_wconf 85' lang='lat' dir='ltr'><strong>cubus</strong></span> <span class='ocrx_word' id='word_1_248' title='bbox 578 2683 607 2714; x_wconf 91' lang='lat' dir='ltr'><strong>a</strong></span> <span class='ocrx_word' id='word_1_249' title='bbox 631 2666 869 2715; x_wconf 86' lang='lat' dir='ltr'><strong>diametro</strong></span> <span class='ocrx_word' id='word_1_250' title='bbox 894 2668 957 2716; x_wconf 89' lang='lat' dir='ltr'><strong>ad</strong></span> <span class='ocrx_word' id='word_1_251' title='bbox 976 2666 1250 2731; x_wconf 89' lang='lat' dir='ltr'>cylindrum</span> <span class='ocrx_word' id='word_1_252' title='bbox 1275 2667 1414 2731; x_wconf 85' lang='lat' dir='ltr'><strong>cujus</strong></span> <span class='ocrx_word' id='word_1_253' title='bbox 1438 2667 1566 2715; x_wconf 85' lang='lat' dir='ltr'><strong>basis</strong></span> <span class='ocrx_word' id='word_1_254' title='bbox 1598 2677 1672 2716; x_wconf 87' lang='lat' dir='ltr'><strong>est</strong></span> <span class='ocrx_word' id='word_1_255' title='bbox 1695 2668 1791 2716; x_wconf 86' lang='lat' dir='ltr'>cir-</span> 
     </span>
     <span class='ocr_line' id='line_1_35' title="bbox 390 2741 1791 2806; baseline 0.001 -15"><span class='ocrx_word' id='word_1_256' title='bbox 390 2743 539 2791; x_wconf 85' lang='lat' dir='ltr'><strong>-culus</strong></span> <span class='ocrx_word' id='word_1_257' title='bbox 555 2741 756 2801; x_wconf 88' lang='lat' dir='ltr'>BCD—‚</span> <span class='ocrx_word' id='word_1_258' title='bbox 774 2759 919 2806; x_wconf 86' lang='lat' dir='ltr'><strong>supra</strong></span> <span class='ocrx_word' id='word_1_259' title='bbox 948 2751 1197 2791; x_wconf 87' lang='lat' dir='ltr'><strong>ostensum</strong></span> <span class='ocrx_word' id='word_1_260' title='bbox 1221 2750 1295 2791; x_wconf 89' lang='lat' dir='ltr'><strong>est</strong></span> <span class='ocrx_word' id='word_1_261' title='bbox 1319 2758 1423 2790; x_wconf 87' lang='lat' dir='ltr'><strong>esse</strong></span> <span class='ocrx_word' id='word_1_262' title='bbox 1447 2751 1503 2790; x_wconf 89' lang='lat' dir='ltr'><strong>ut</strong></span> <span class='ocrx_word' id='word_1_263' title='bbox 1528 2749 1555 2791; x_wconf 92' lang='lat'>5</span> <span class='ocrx_word' id='word_1_264' title='bbox 1581 2742 1644 2791; x_wconf 90' lang='lat' dir='ltr'><strong>ad</strong></span> <span class='ocrx_word' id='word_1_265' title='bbox 1667 2749 1715 2803; x_wconf 85' lang='lat'><strong>4,</strong></span> <span class='ocrx_word' id='word_1_266' title='bbox 1739 2751 1791 2792; x_wconf 91' lang='lat' dir='ltr'><strong>et</strong></span> 
     </span>
     <span class='ocr_line' id='line_1_36' title="bbox 400 2817 1790 2882; baseline 0.003 -18"><span class='ocrx_word' id='word_1_267' title='bbox 400 2817 464 2865; x_wconf 85' lang='lat' dir='ltr'><strong>ad</strong></span> <span class='ocrx_word' id='word_1_268' title='bbox 495 2817 732 2881; x_wconf 87' lang='lat' dir='ltr'><strong>sphaeram</strong></span> <span class='ocrx_word' id='word_1_269' title='bbox 770 2827 825 2866; x_wconf 86' lang='lat' dir='ltr'><strong>ut</strong></span> <span class='ocrx_word' id='word_1_270' title='bbox 866 2825 918 2867; x_wconf 84' lang='lat'><strong>15</strong></span> <span class='ocrx_word' id='word_1_271' title='bbox 951 2819 1014 2866; x_wconf 83' lang='lat' dir='ltr'><strong>ad</strong></span> <span class='ocrx_word' id='word_1_272' title='bbox 1045 2823 1075 2866; x_wconf 88' lang='lat'>8</span> <span class='ocrx_word' id='word_1_273' title='bbox 1099 2837 1110 2867; x_wconf 90' lang='lat'>:</span> <span class='ocrx_word' id='word_1_274' title='bbox 1139 2827 1190 2867; x_wconf 87' lang='lat' dir='ltr'><strong>et</strong></span> <span class='ocrx_word' id='word_1_275' title='bbox 1213 2818 1276 2866; x_wconf 86' lang='lat' dir='ltr'><strong>ad</strong></span> <span class='ocrx_word' id='word_1_276' title='bbox 1299 2818 1511 2882; x_wconf 85' lang='lat' dir='ltr'><strong>spatium</strong></span> <span class='ocrx_word' id='word_1_277' title='bbox 1534 2818 1710 2882; x_wconf 83' lang='lat' dir='ltr'><strong>spirale</strong></span> <span class='ocrx_word' id='word_1_278' title='bbox 1733 2826 1790 2868; x_wconf 89' lang='lat' dir='ltr'><strong>ut</strong></span> 
     </span>
     <span class='ocr_line' id='line_1_37' title="bbox 408 2893 1788 2944; baseline 0.001 -2"><span class='ocrx_word' id='word_1_279' title='bbox 408 2897 464 2942; x_wconf 87' lang='lat'><strong>15</strong></span> <span class='ocrx_word' id='word_1_280' title='bbox 490 2893 553 2942; x_wconf 85' lang='lat' dir='ltr'><strong>ad</strong></span> <span class='ocrx_word' id='word_1_281' title='bbox 578 2899 623 2942; x_wconf 87' lang='grc'><strong>4.</strong></span> <span class='ocrx_word' id='word_1_282' title='bbox 671 2893 904 2943; x_wconf 82' lang='lat' dir='ltr'><strong>Detracta</strong></span> <span class='ocrx_word' id='word_1_283' title='bbox 928 2903 1094 2944; x_wconf 87' lang='lat' dir='ltr'><strong>autem</strong></span> <span class='ocrx_word' id='word_1_284' title='bbox 1117 2894 1306 2943; x_wconf 82' lang='lat' dir='ltr'><strong>ratione</strong></span> <span class='ocrx_word' id='word_1_285' title='bbox 1337 2899 1393 2942; x_wconf 87' lang='lat'><strong>15</strong></span> <span class='ocrx_word' id='word_1_286' title='bbox 1415 2893 1477 2942; x_wconf 85' lang='lat' dir='ltr'><strong>ad</strong></span> <span class='ocrx_word' id='word_1_287' title='bbox 1498 2899 1525 2941; x_wconf 89' lang='lat'>4</span> <span class='ocrx_word' id='word_1_288' title='bbox 1546 2910 1576 2942; x_wconf 86' lang='lat' dir='ltr'><strong>a</strong></span> <span class='ocrx_word' id='word_1_289' title='bbox 1598 2893 1788 2943; x_wconf 82' lang='lat' dir='ltr'><strong>ratione</strong></span> 
     </span>
    </p>
   </div>
  </div>
 </body>
</html>
