1982 3204
448 290 537 334 102
855 299 967 333 Lux
994 297 1418 331 MATHEMA'rch.

155 425 422 452 comovsn-
444 412 683 475 majorem*
699 427 842 474 quam
868 419 940 458 est
962 409 1187 474 gordinis
1213 408 1474 468 inferioris,
1497 416 1730 473 quantum
1756 417 1830 458 est

195 480 386 548 „SL‘JL
442 488 730 552 quadratum
749 503 914 544 unum,
941 487 1039 532 sive
1067 483 1094 545 ᾗ,
1120 485 1311 532 numeri
1343 491 1416 533 124

508 572 695 629 Tertio,
713 573 808 619 sint
827 571 935 618 loca
953 578 1176 633 quatuor,
1201 558 1444 634 31:21:-
1492 568 1831 632 Aggregatum

444 651 630 700 ordinis
671 650 932 713 superioris
974 657 1050 696 est
1098 650 1154 695 14
1195 648 1447 712 quadrata.
1517 648 1684 695 Tertia
1718 664 1831 712 pars

444 727 629 776 ordinis
654 725 894 774 inferioris
920 732 992 771 est
1024 730 1080 772 12
1107 723 1358 786 quadrata.
1430 723 1592 787 Majus
1617 739 1734 787 ergo
1759 732 1833 772 est

444 811 765 866 aggregatum
802 799 984 847 ordinis
1027 799 1306 861 superioris,
1344 815 1520 861 nempe
1565 804 1638 856 14,
1686 814 1832 863 quam

444 879 591 926 tertia
613 894 724 941 pars
750 875 933 924 ordinis
959 874 1202 922 inferioris
1228 874 1416 922 duobus
1441 873 1706 937 quadratis,
1731 874 1833 922 sive

445 954 478 1016 {03
508 954 697 1001 numeri
723 958 800 999 36.

775 1037 784 1046 .
1075 1036 1086 1045 .
1260 1025 1274 1046 0
1289 1023 1313 1047 4-
1332 1023 1342 1046 1
1359 1024 1383 1047 ÷
1401 1025 1413 1045 4
1429 1023 1453 1047 ψ
1469 1025 1482 1046 9
1501 1023 1559 1046 416

515 1039 718 1096 Quarto,
749 1045 845 1084 sint
875 1037 984 1084 loca
1007 1051 1238 1099 quinque,
1258 1061 1575 1100 W.
1644 1033 1835 1096 Aggre-

447 1126 616 1179 gatum
664 1115 846 1163 ordinis
894 1114 1155 1178 superioris
1192 1123 1267 1162 est
1305 1119 1383 1162 30.
1453 1114 1625 1161 Triens
1668 1121 1835 1160 autem

448 1192 631 1239 ordinis
657 1190 896 1238 inferioris
921 1198 993 1238 est
1012 1195 1118 1251 26¹}-
1169 1190 1411 1253 Superant
1437 1197 1599 1239 autem
1625 1194 1688 1237 30
1715 1204 1835 1252 qua-

448 1268 589 1314 drata
613 1267 851 1330 quadrata
875 1271 967 1332 263.
995 1272 1231 1328 quantum
1267 1273 1340 1313 est
1373 1272 1430 1331 33
1455 1264 1708 1327 quadrata,
1733 1263 1836 1311 sive

446 1341 832 1405 (multiplicando
858 1349 963 1388 tum
989 1346 1069 1398 80,
1086 1349 1191 1388 tum
1208 1347 1264 1407 3:35
1283 1356 1370 1404 per
1390 1344 1441 1399 3)
1465 1338 1506 1401 ἐξ
1527 1339 1604 1387 vel
1618 1334 1678 1399 ὲ,
1693 1338 1746 1387 id
1763 1346 1837 1387 est

447 1419 678 1466 vicesima
702 1426 875 1480 quarta
897 1432 1011 1480 pars
1036 1417 1290 1480 octoginta
1313 1416 1680 1479 quadratorum.

514 1494 781 1552 Postremo,
811 1494 931 1552 (non
963 1493 1094 1540 enim
1126 1492 1271 1540 datur
1301 1492 1566 1554 procedere
1594 1491 1645 1538 in
1677 1489 1839 1537 infini-

658 1577 668 1586 -
845 1577 854 1586 .
1020 1564 1390 1590 o÷l÷4÷9÷16÷25
1766 1574 1778 1584 ο

449 1582 595 1635 tum),
633 1585 730 1624 slnt
764 1577 859 1624 loc1
894 1593 996 1635 sex,
1014 1600 1404 1642 zm.
1460 1575 1595 1624 Ordo
1620 1589 1840 1639 superior

450 1665 523 1703 est
550 1662 625 1703 55.
695 1656 861 1704 Tertia
883 1672 996 1719 pars
1020 1656 1204 1704 ordinis
1229 1654 1471 1703 inferioris
1496 1662 1571 1701 est
1596 1659 1674 1702 50.
1747 1653 1840 1701 Su-

449 1740 624 1795 perant
665 1741 828 1779 autem
867 1738 927 1779 55
967 1732 1205 1795 quadrata
1236 1730 1474 1796 quadrata
1513 1736 1574 1778 50
1613 1729 1838 1793 quinario

452 1808 813 1870 quadratorum,
839 1807 889 1854 id
914 1816 1001 1864 est,
1024 1804 1064 1868 72,
1096 1807 1279 1855 ordinis
1299 1806 1559 1854 inferioris.

518 1883 672 1930 Infert
695 1892 857 1930 autem
882 1883 994 1930 hinc
1012 1883 1395 1947 propositionem
1421 1882 1547 1929 hanc
1565 1880 1840 1929 Wallisius:

464 1958 579 2007 Cum
604 1965 779 2016 autem,
803 1965 1050 2006 crescente
1083 1974 1278 2006 numero
1317 1957 1644 2015 terminorum,
1670 1971 1839 2004 erce-5-

452 2049 537 2079 sus
575 2033 661 2080 ille
700 2050 857 2098 supra
888 2034 1127 2082 rationem
1167 2032 1466 2098 subtriplum
1502 2032 1573 2080 ita
1615 2031 1841 2079 continuo

452 2108 713 2165 minuatur,
739 2116 790 2156 ut
815 2110 1009 2157 tandem
1033 2109 1202 2174 quovis
1225 2107 1530 2174 assignabili
1553 2107 1711 2155 minor
1733 2123 1844 2155 eva-

455 2184 562 2241 dat,
593 2185 666 2243 (nt
682 2187 878 2248 patet),
903 2185 948 2232 si
971 2185 1020 2232 in
1046 2186 1284 2247 infinitum
1300 2183 1612 2250 procedatur
1627 2197 1845 2247 prorsus

455 2259 739 2307 evanituras
758 2267 847 2307 est.
898 2261 1149 2325 Adeoque,
1166 2261 1213 2308 si
1226 2260 1353 2324 (quae
1369 2270 1445 2310 est
1458 2251 1726 2323 propositio
1744 2256 1845 2319 xxi)

446 2341 763 2398 proponatur
785 2335 942 2382 series
961 2336 1155 2398 infinita
1173 2335 1502 2400 quantitatum
1519 2334 1568 2383 in
1585 2332 1845 2398 duplicata

457 2410 647 2457 ratione
671 2409 976 2458 arithmetice
993 2409 1462 2475 proportionalium,
1488 2426 1520 2458 a
1537 2414 1723 2473 puncto
1740 2408 1845 2456 sive

456 2492 486 2533 Ο
512 2485 860 2542 inchoatarum,
886 2485 984 2533 erit
1003 2486 1094 2534 illa
1114 2486 1186 2535 ad
1203 2486 1379 2534 seriem
1396 2484 1599 2535 totidem
1622 2483 1846 2533 maximae
1872 2514 1875 2518 -

445 2559 718 2626 (equalium
744 2568 796 2608 ut
829 2567 844 2608 l
877 2561 948 2608 ad
967 2568 1013 2610 3.
1538 2552 1540 2555 .

527 2637 623 2686 Sed
647 2633 740 2684 hoc
763 2636 937 2683 falsum
961 2645 1048 2685 est.
1105 2638 1210 2685 Etsi
1235 2638 1366 2686 enim
1382 2633 1537 2698 ἐμὲ,
1553 2632 1706 2698 ἑὲ,
1730 2643 1846 2695 etc„

458 2720 695 2777 perpetuo
721 2711 1020 2769 decrescant,
1046 2714 1354 2761 manifestum
1389 2722 1552 2761 tamen
1576 2721 1650 2761 est
1680 2727 1847 2761 exces-

458 2805 563 2836 sum
591 2803 736 2851 supra
761 2787 1050 2849 subtriplum
1075 2789 1339 2850 procedere
1371 2789 1434 2838 ad
1465 2789 1596 2837 hunc
1628 2788 1845 2846 modum,

458 2861 498 2925 ζ·
543 2863 686 2912 unius
740 2862 980 2927 quadrati,
1004 2859 1055 2922 3³,-
1086 2863 1345 2912 duodecim
1397 2864 1764 2927 quadratorum,
1789 2859 1842 2926 3¹,-
