1982 3204
361 729 543 783 LUX
602 723 1283 782 MATHEMATICA.

575 1024 1004 1059 con‘rnovnnsm
1033 1024 1068 1057 1.

158 1122 243 1171 De
264 1118 512 1168 rationum
534 1118 724 1166 calculo
740 1134 842 1184 per
860 1117 1223 1183 magnitudines
1248 1114 1480 1179 infinitas.

126 1231 452 1279 Wuusms
491 1229 669 1277 librum
714 1228 776 1276 de
824 1228 1162 1276 Arithmetica
1208 1226 1518 1289 Infinitorum
1535 1245 1798 1272 conrnovnn-

126 1306 365 1364 ediderat,
389 1306 530 1369 cujus
553 1305 825 1368 propositio
844 1304 1003 1367 prima
1026 1313 1131 1351 erat
1156 1303 1261 1350 haec
1282 1321 1293 1350 ε
1319 1301 1377 1349 Si
1394 1318 1519 1367 pro·
1617 1299 1681 1325 ⁸¹⁴³
1698 1299 1724 1325 ¹·

118 1388 342 1447 ponatur
362 1381 519 1429 series
542 1380 872 1445 quantitatum
896 1378 1207 1426 arithmetice
1230 1377 1520 1442 proportio·
1558 1418 1566 1423 s

126 1456 327 1515 nulium,
351 1457 455 1505 sive
466 1458 623 1519 juxta
647 1455 867 1503 ordinem
903 1453 1182 1502 naturalem
1213 1467 1521 1500 numerorum

122 1539 365 1598 perpetuo
388 1531 712 1581 crescentium
735 1548 767 1578 a
783 1536 985 1594 punem,
1003 1529 1109 1577 sive
1127 1534 1174 1587 Ο,
1186 1534 1317 1593 puta
1337 1534 1384 1585 Ο,
1411 1533 1451 1586 1,
1472 1535 1519 1586 2,

127 1615 175 1667 3,
192 1614 240 1667 4,
263 1614 388 1662 etc.‚·
411 1607 730 1672 propositum
747 1606 815 1653 sit
839 1605 1088 1669 inquirere
1109 1620 1253 1669 quam
1277 1604 1521 1652 rationem

125 1683 278 1733 habet
298 1699 467 1731 earum
491 1689 827 1748 aggregatum
851 1680 925 1729 ad
948 1687 1292 1745 aggregatum
1317 1678 1520 1727 totidem

126 1758 350 1808 maximae
367 1758 640 1823 oequalium.
683 1757 948 1806 Concludit
967 1766 1131 1804 autem
1156 1755 1395 1804 rationem
1414 1771 1520 1802 esse

126 1841 186 1882 nt
213 1839 233 1882 1
262 1833 326 1882 ad
352 1839 406 1882 2:
444 1832 577 1896 quod
604 1848 769 1880 verum
795 1839 886 1890 est,
911 1847 1003 1879 nec
1026 1838 1174 1894 negat
1200 1830 1493 1878 Hobbesius.

196 1908 344 1958 Quod
377 1918 543 1956 autem
579 1909 641 1956 ab
684 1907 968 1956 inductione
999 1915 1177 1970 arguat
1210 1922 1321 1954 cum
1355 1912 1523 1969 posset

125 1999 217 2049 per
239 1983 593 2048 syllogismum,
619 1982 670 2030 id
705 1981 1034 2046 reprehendit.
1107 1982 1360 2029 Ponantur
1390 1980 1522 2027 enim

127 2059 299 2109 ordine
323 2059 514 2107 numeri
538 2065 586 2117 0,
621 2064 659 2116 Ι,
684 2065 732 2116 2,
757 2064 804 2116 3,
829 2064 884 2105 4·
918 2066 969 2105 et
1003 2073 1150 2121 supra
1173 2057 1283 2104 illos
1311 2055 1522 2104 eundem

128 2135 367 2194 ordinem,
408 2134 495 2183 sed
536 2134 783 2182 inversum
823 2133 917 2181 hoc
951 2133 1115 2191 modo,
1146 2132 1198 2193 ᾖ,
1224 2130 1271 2193 ξ,
1291 2130 1352 2193 ἦ,
1379 2129 1438 2192 ἐς,
1463 2130 1519 2191 2.

124 2210 447 2260 Manifestum
491 2217 569 2257 est
605 2217 925 2272 aggregatum
963 2224 1027 2256 ex
1067 2208 1305 2255 ambobus
1335 2207 1521 2270 aequale

127 2301 235 2335 esse
258 2285 466 2335 totidem
491 2285 732 2343 maximiS‚
759 2292 809 2332 et
840 2292 1102 2348 propterea
1124 2283 1355 2331 utriusvis
1379 2283 1521 2330 seriei

129 2361 334 2427 duplum
370 2377 492 2410 esse.
563 2360 689 2410 Quae
728 2359 955 2423 probatio
990 2358 1224 2422 legitima,
1259 2358 1436 2415 brevis,
1470 2366 1522 2404 et

127 2437 389 2501 perspicua
422 2442 514 2484 est.
585 2435 773 2482 Vitium
813 2449 932 2497 ergo
969 2443 1075 2481 erat
1114 2433 1397 2481 inductione
1433 2433 1521 2490 uti,

131 2527 257 2576 quae,
277 2512 359 2560 ubi
383 2510 699 2575 particularia
719 2510 885 2557 omnia
902 2509 1121 2572 percurri
1140 2517 1406 2572 nequeunt,
1432 2523 1523 2556 nec

129 2586 351 2651 legitima
374 2595 448 2635 est
470 2602 563 2634 neo
586 2586 749 2634 brevis
772 2600 878 2633 esse
903 2592 1083 2648 potest.

199 2661 533 2726 Reprehendit
549 2669 788 2725 praeterea
805 2659 937 2723 quod
954 2659 1100 2723 paulo
1118 2668 1231 2722 post
1255 2658 1523 2721 subjungit,

129 2751 326 2800 nempe,
350 2736 554 2785 eandem
578 2737 684 2784 fore
701 2736 940 2784 rationem
967 2741 983 2782 1
1007 2734 1069 2782 ad
1089 2741 1137 2792 2,
1162 2734 1352 2781 etiamsi
1377 2734 1524 2780 series

134 2811 222 2860 illa
255 2812 584 2875 quantitatum
617 2812 767 2862 fuerit
801 2811 1008 2877 infinita.
1079 2809 1258 2867 Prim0‚
1287 2810 1402 2873 quia
1435 2807 1525 2855 etsi

132 2886 412 2953 propositio
443 2887 605 2951 aliqua
638 2886 979 2935 universaliter
1013 2895 1129 2934 vera
1163 2885 1242 2943 sit,
1267 2884 1316 2932 id
1351 2892 1440 2939 est,
1466 2883 1528 2930 de

1300 2974 1334 3005 n
1356 2975 1375 3001 2
