1982 3204
563 309 673 343 ιω(
700 308 852 342 MATR
862 308 1123 343 ΕΜΑτιεΑ.
1445 300 1533 343 105

215 417 325 467 Sint
363 418 473 466 loca
507 417 737 482 quinque,
759 406 1078 482 ζῖζῖζῖἶζζ.
1148 417 1284 466 Ordo
1316 419 1537 481 superior
1553 435 1819 463 cosmos-zn-

147 506 224 546 est
254 502 374 546 100:
410 506 584 561 quarta
606 514 719 561 pars
742 497 926 545 ordinis
948 495 1192 543 inferioris
1216 503 1291 543 est
1314 501 1378 543 80
1396 497 1535 544 cubi:
1589 490 1779 558 Q

148 587 375 620 excessus
400 581 473 620 est
496 578 561 621 20
587 573 714 631 cubi,
740 568 824 636 qui
857 571 1020 635 plures
1044 580 1160 619 sunt
1184 587 1330 634 quam
1354 577 1385 619 9
1405 572 1535 621 cubi.

149 647 317 698 Quare
351 663 592 705 excessus,
623 664 713 712 pro
754 663 959 696 numero
999 647 1322 695 terminorum
1352 655 1464 710 post
1488 654 1536 705 Ο,

147 733 386 787 perpetuo
410 723 599 771 crescit.

216 799 294 847 Ab
330 799 421 847 hac
454 798 786 862 propositione
817 814 906 846 sua
927 798 1095 846 xxxix·
1117 797 1266 846 infert
1289 797 1536 845 Wallisius

147 874 260 934 xlm,
283 890 392 939 quae
419 875 522 923 haec
558 882 657 922 est:
696 873 814 921 Cum
842 882 1019 932 autem,
1050 879 1303 921 crescente
1339 887 1539 938 numera:

148 950 477 1007 terminorum,
502 965 735 997 excessus
759 948 846 996 ille
882 964 1040 1012 ειφνα
1063 949 1303 996 rationem
1326 947 1539 1011 subqua-

148 1023 381 1089 druplam
406 1024 481 1071 ita
505 1024 731 1072 continue
749 1024 1012 1082 minuatur,
1028 1031 1082 1072 ut
1105 1024 1302 1072 tandem
1324 1023 1540 1088 quolibet

147 1098 447 1164 assignabili
470 1100 628 1147 minor
645 1100 845 1157 evadat,
865 1106 919 1147 ut
941 1106 1087 1161 patet
1105 1118 1123 1147 .·
1157 1100 1204 1146 si
1228 1099 1278 1147 in
1299 1099 1539 1161 infinitum

137 1175 465 1241 procedatur,
483 1191 703 1240 prorsus
738 1177 1023 1223 evanituras
1059 1182 1150 1223 est.
1221 1174 1462 1240 Adeoque
1492 1174 1540 1222 εἰ

137 1243 457 1320 Proponatur
495 1250 656 1298 serie-3
694 1250 889 1313 infinita
921 1251 1253 1316 quantitatum
1290 1250 1339 1298 in
1371 1248 1539 1314 tripli-

148 1332 266 1374 cata
310 1326 504 1374 ratione
554 1325 871 1374 arithmetice
915 1326 1388 1391 proportionalium,
1434 1325 1541 1374 sive

135 1401 294 1465 juxta
315 1401 492 1449 seriem
516 1417 822 1449 nuruerorum
846 1401 1137 1458 cubicorum,
1155 1402 1383 1449 continue
1406 1417 1539 1449 cre-5·
1560 1417 1569 1423 ²

149 1468 373 1534 centium,
405 1493 437 1524 a
468 1483 656 1541 puncto
698 1477 802 1524 sive
838 1483 869 1526 Ο
902 1477 1278 1525 inchoatarum:
1313 1477 1413 1525 erit
1449 1476 1541 1524 illa

148 1550 221 1600 ad
254 1552 433 1600 seriem
468 1551 671 1599 totidem
710 1552 931 1600 maximae
966 1551 1243 1616 oequalium,
1270 1558 1325 1599 at
1356 1558 1372 1600 l
1398 1551 1472 1599 ad
1490 1558 1539 1600 4.

147 1626 290 1676 Falsa
332 1635 500 1675 autem
545 1635 635 1675 est.
725 1627 855 1675 Nam
902 1643 1131 1676 excessus
1177 1627 1262 1691 qui
1300 1635 1539 1692 perpetuo

149 1703 339 1761 crescit,
363 1702 622 1750 evanescet
644 1718 913 1766 nunquam.

217 1777 463 1827 Quoniam
487 1786 654 1825 autem
678 1778 836 1826 tribus
872 1778 949 1825 his
981 1777 1399 1842 propositionibus
1423 1777 1540 1826 doc-

148 1853 282 1902 trina
315 1853 522 1902 Wallisii
569 1854 630 1902 de
676 1853 851 1913 Libra,
898 1853 959 1901 de
1004 1853 1187 1902 Centro
1236 1853 1539 1912 Gravitatis,

148 1929 296 1978 etiam
320 1929 660 1977 universaliter
682 1929 743 1977 de
765 1938 943 1977 natura
964 1937 1127 1977 motus
1149 1936 1255 1977 tota
1276 1929 1538 1977 innititur:

147 2004 464 2054 manifestum
487 2012 561 2052 est
583 2004 705 2052 nihil
728 2005 789 2052 ab
813 2004 897 2052 illo
921 2005 972 2052 in
995 2005 1133 2053 libris
1164 2005 1268 2068 ejus
1305 2004 1367 2053 de
1401 2013 1540 2053 motu

149 2079 538 2129 demonstratum
583 2095 704 2139 esse,
750 2096 843 2128 nec
886 2080 950 2128 ab
995 2079 1072 2128 his
1111 2080 1380 2144 principiiS,
1426 2096 1540 2128 cum

147 2155 271 2204 falsa
293 2156 408 2213 sint,
433 2155 695 2219 quicquam
737 2155 1065 2203 demonstrari
1095 2170 1256 2218 posse.
1323 2155 1388 2203 Et
1419 2171 1543 2219 quo-

148 2231 282 2280 niam
319 2231 551 2295 permulti
587 2231 826 2290 homines,
850 2231 992 2279 bonis
1026 2231 1239 2295 ingeniis
1269 2231 1466 2295 praediti
1489 2239 1543 2280 et

147 2306 433 2371 geometriae
456 2305 680 2365 studiosi,
705 2306 1005 2355 authoritate
1028 2306 1157 2355 illius
1182 2306 1391 2371 decepti,
1411 2324 1542 2356 erro·

147 2382 283 2432 ribus
314 2382 693 2446 acquiescenteS‚
718 2382 881 2431 studia
913 2399 1003 2431 sua
1039 2382 1218 2431 damno
1241 2383 1439 2448 publico
1463 2401 1542 2432 re-

147 2458 388 2506 miserunt
407 2476 421 2505 :
455 2474 631 2507 censeo
671 2467 828 2507 totam
864 2458 1139 2507 doctrinam
1176 2459 1311 2507 illam
1333 2459 1543 2508 Wallisii

147 2531 213 2580 'de
229 2532 563 2581 Arithmetica
582 2534 892 2596 Infinitorum
911 2535 975 2583 ab
999 2535 1224 2584 omnibus
1248 2535 1542 2599 abigendam

151 2609 329 2656 esse‘in
359 2618 668 2673 perpetuum.

217 2682 401 2732 Verum
424 2685 465 2732 si
487 2685 737 2734 Wallisius
775 2686 1030 2749 negaverit
1067 2685 1325 2748 loquutum
1359 2701 1412 2733 se
1435 2701 1542 2733 esse

150 2759 204 2807 in
240 2759 318 2807 his
352 2761 766 2824 propositionibus
802 2761 864 2810 de
901 2760 1151 2825 quadratis
1185 2769 1237 2809 et
1276 2761 1429 2818 cubis,
1453 2759 1541 2807 sed

152 2834 396 2884 abstracte
418 2835 481 2884 de
505 2836 804 2900 quadraticis
821 2845 874 2886 et
895 2836 1080 2885 cubicis
1102 2835 1335 2895 numeris,
1351 2844 1403 2884 et
1424 2850 1539 2898 pro-
