1982 3204
393 289 453 331 24
724 294 987 329 ROSETUM
1016 292 1446 328 GEOMETRICUM.

191 428 252 454 op,
272 427 344 454 vn.
394 407 486 455 erit
505 405 592 453 VY
615 406 811 469 aequalis
830 406 1091 454 semilateri
1111 405 1190 452 BF
1207 404 1284 451 vel
1303 403 1415 464 BY,
1435 411 1484 452 et
1503 402 1602 452 AY
1620 419 1777 467 aequa-

112 512 380 585 saw
333 482 1069 641 ξῑέζᾳςζῃεΐςεξῑῖῑηῗξ
1086 479 1462 602 &3323ss

395 641 554 681 meter
577 640 651 680 est
675 632 766 679 AV
790 632 889 679 sive
914 632 1018 679 EK.
1067 630 1309 678 Producta
1333 646 1451 694 ergo
1475 630 1567 677 VK
1592 630 1655 678 ad
1678 630 1780 679 dia-

395 709 622 772 gonalem
659 706 745 755 ΑΟ
792 707 842 754 in
878 707 931 765 Ζ,
968 706 1058 753 erit
1093 706 1175 752 VZ
1210 706 1409 769 aequalis
1448 706 1552 753 EK.
1622 703 1782 764 Quare

398 784 608 832 demissa
630 781 1043 845 perpendicularis
1063 797 1092 828 a
1109 788 1293 843 puncto
1319 781 1369 839 S,
1388 779 1618 829 transibit
1639 796 1728 844 per
1744 780 1782 828 Z

396 868 447 907 et
472 858 543 906 X:
582 866 632 905 et
668 858 757 905 ΒΧ
791 857 1031 920 producta
1065 856 1127 903 ad
1162 856 1291 904 latus
1326 855 1413 905 DC
1442 857 1492 904 in
1517 856 1566 914 d,
1591 856 1685 904 erit
1708 853 1789 905 Cd

397 934 594 998 aequalis
638 931 710 981 Gi.
782 931 877 980 Sed
922 932 1005 979 SX
1047 939 1122 979 est
1163 931 1361 996 aequalis
1404 931 1696 980 semilateri:
1733 939 1786 979 et

396 1009 603 1072 proinde
629 1009 715 1055 ZX
741 1007 938 1071 aequalis
963 1007 1062 1054 KZ.

466 1085 699 1132 Sumatur
723 1083 772 1130 in
796 1083 947 1130 latere
973 1081 1059 1131 OD
1078 1091 1216 1130 recta
1239 1081 1312 1131 Ca
1336 1082 1534 1146 aequalis
1558 1083 1672 1131 DR:
1699 1081 1786 1130 du-

399 1167 634 1222 caturque
658 1157 720 1206 ab
743 1157 974 1221 parallela
995 1158 1139 1205 lateri
1159 1157 1256 1215 ΒΟ,
1277 1173 1448 1206 secans
1466 1158 1554 1206 ZX
1572 1157 1785 1221 produc-

398 1242 499 1283 tam
523 1235 572 1282 in
600 1234 651 1282 b:
683 1235 1015 1296 jungaturque
1039 1233 1128 1281 Vb.
1201 1233 1447 1282 Quoniam
1472 1249 1589 1298 ergo
1620 1242 1697 1282 est
1729 1241 1786 1281 ut

400 1311 477 1368 Bi,
495 1310 547 1358 id
570 1317 644 1357 est
669 1309 750 1357 ΒΟ
768 1309 876 1373 plus
902 1317 1137 1372 tangente
1157 1308 1230 1367 Οἱ,
1252 1309 1315 1356 ad
1334 1316 1581 1357 secantem
1606 1307 1697 1368 Bd,
1716 1308 1788 1356 ita

399 1388 477 1435 BS
502 1386 564 1434 ad
600 1387 706 1443 DR,
731 1386 782 1433 id
806 1393 877 1433 est
906 1385 968 1432 ad
992 1386 1103 1440 ZB;
1140 1392 1189 1433 et
1212 1392 1267 1433 ut
1292 1384 1375 1433 ΒΟ
1399 1385 1462 1432 ad
1487 1383 1566 1434 Cd
1583 1391 1786 1448 tangen-

398 1470 513 1521 tem,
538 1463 608 1509 ita
626 1462 708 1508 VZ
733 1460 795 1508 ad
822 1460 928 1508 SX:
955 1461 995 1508 si
1019 1461 1068 1508 in
1093 1460 1187 1508 VX
1211 1460 1454 1524 producta
1476 1468 1696 1508 sumatur
1718 1458 1787 1507 Zb

399 1538 597 1602 aequalis
631 1537 730 1595 SX,
764 1537 857 1584 erit
888 1537 958 1584 Zb
989 1543 1195 1600 tangens
1229 1541 1294 1584 30
1324 1536 1567 1600 graduum
1589 1535 1642 1584 in
1669 1551 1789 1584 arcu

400 1614 643 1676 descripto
669 1612 729 1660 ab
754 1613 852 1659 VZ.

463 1689 492 1737 J
496 1695 644 1736 uncta
667 1704 784 1750 ergo
808 1687 882 1735 Vb
906 1688 1000 1735 erit
1023 1688 1222 1752 aequalis
1245 1688 1388 1735 lateri
1415 1685 1515 1736 BC.
1583 1687 1649 1735 Et
1673 1686 1790 1751 quia

399 1764 466 1812 Zb
491 1772 563 1811 est
585 1772 791 1826 tangens
818 1770 881 1812 30
905 1763 1148 1827 graduum
1173 1763 1224 1810 in
1249 1763 1434 1811 circulo
1459 1763 1599 1826 cujus
1623 1762 1790 1811 radius

400 1848 476 1888 est
492 1839 591 1897 VZ,
617 1846 666 1886 et
692 1838 769 1887 Cd
789 1847 996 1903 tangens
1023 1845 1086 1888 30
1110 1838 1350 1903 graduum
1375 1839 1424 1886 in
1447 1838 1632 1886 circulo
1651 1839 1789 1900 cujus

401 1915 565 1963 radius
590 1923 664 1963 est
689 1915 798 1962 AB:
838 1923 981 1964 erunt
1016 1916 1109 1974 Bd,
1134 1915 1208 1962 Vb
1231 1915 1501 1979 parallelae3
1537 1922 1588 1963 et
1616 1915 1791 1978 juncta

402 1990 491 2049 Vb,
512 1991 709 2054 aequalis
733 1991 872 2039 lateri
892 1990 997 2047 ΒΟ;
1023 1999 1071 2040 et
1090 1990 1172 2040 ΒΟ
1190 1991 1299 2055 plus
1320 1990 1411 2049 Cd,
1428 1990 1625 2055 aequalis
1642 1996 1790 2038 rectae

404 2065 482 2113 Bi.

472 2141 715 2189 Quoniam
749 2157 865 2205 ergo
898 2150 972 2190 est
1003 2149 1058 2190 ut
1088 2139 1170 2190 BC
1195 2141 1304 2204 plus
1340 2140 1426 2200 cd,
1452 2140 1504 2188 id
1526 2148 1601 2188 est
1625 2139 1702 2199 Bi,
1726 2139 1791 2188 ad

409 2214 499 2272 Bd,
523 2216 593 2263 ita
615 2217 695 2263 VZ
721 2216 783 2263 ad
819 2216 934 2272 DR;
974 2224 1025 2264 et
1058 2223 1114 2264 ut
1142 2216 1313 2264 eadem
1337 2216 1400 2264 Bi
1423 2215 1486 2264 ad
1505 2215 1597 2274 Vb,
1621 2215 1692 2264 ita
1713 2215 1791 2263 Vb

405 2290 468 2339 ad
496 2290 606 2338 DR:
633 2292 725 2339 erit
748 2291 815 2339 ΖΙ)
839 2292 1037 2356 aequalis
1061 2292 1152 2356 ipsi
1173 2291 1282 2340 DR.
1332 2292 1461 2340 Nam
1484 2291 1536 2339 hi
1561 2290 1658 2338 duo
1676 2307 1790 2339 ana-

404 2367 593 2430 logismi
631 2367 681 2414 in
717 2368 810 2415 alio
847 2376 1030 2431 puncto
1063 2375 1211 2416 rectae
1237 2368 1316 2416 SX
1343 2366 1478 2415 nullo
1505 2365 1651 2414 modo
1676 2381 1790 2414 con-

405 2442 542 2489 stitui
565 2450 783 2504 possunt.

473 2517 664 2565 Ablatis
693 2534 809 2582 ergo
841 2520 1110 2583 aequalibus
1146 2519 1241 2567 DH
1267 2534 1298 2566 a
1319 2518 1427 2575 DR,
1454 2525 1504 2565 et
1526 2516 1597 2564 Zb
1619 2517 1682 2565 ab
1708 2516 1790 2576 Sl»,

405 2600 592 2640 restant
617 2594 825 2655 aequales
851 2595 964 2651 HR,
990 2595 1077 2643 SZ.
1149 2594 1248 2642 Sed
1273 2593 1345 2641 SZ
1369 2591 1567 2656 aequalis
1591 2600 1665 2641 est
1687 2593 1790 2641 FK.

408 2669 573 2717 Quare
600 2668 710 2726 HR,
736 2670 817 2716 FK
844 2678 957 2718 sunt
981 2670 1208 2733 aequales·

479 2741 665 2790 Coroll.
701 2745 879 2792 Juncta
903 2746 978 2793 Rr
1002 2745 1230 2794 transibit
1251 2758 1340 2808 per
1362 2742 1427 2790 X.

474 2817 701 2880 Sequitur
739 2820 885 2868 etiam
915 2821 1046 2880 hinc,
1085 2819 1328 2884 producta
1359 2817 1440 2865 'VZ
1465 2816 1529 2865 ad
1560 2816 1647 2865 DC
1671 2817 1722 2865 in
1747 2834 1792 2877 e,

406 2902 589 2942 rectam
617 2893 688 2941 Re
711 2895 911 2959 duplum
942 2913 1045 2946 esse
1070 2894 1358 2944 differentiae
1390 2893 1519 2943 inter
1543 2891 1629 2943 GB
1648 2893 1791 2942 semi-
