1982 3204
395 249 491 292 266
895 259 1272 294 OBJECTIONES

135 383 330 411 ommno
460 369 534 416 Ex
557 384 653 432 quo
677 376 813 432 patet
843 386 921 417 me
946 370 1091 418 aliam
1127 371 1288 418 ideam
1328 370 1391 418 ad
1428 387 1606 419 nomen
1645 372 1782 422 inde-

147 438 337 506 ,ἐξ-υ
384 445 652 509 pendentis
687 461 785 493 non
813 446 993 494 habere
1030 455 1210 510 praeter
1244 447 1529 495 memoriam
1566 463 1784 497 mearum

391 520 612 569 idearum
646 522 983 584 incipientium
1008 523 1208 570 diversis
1233 523 1548 586 temporibus,
1574 523 1782 588 ideoque

393 596 788 659 dependentium.

460 673 775 736 Quapropter
821 673 982 721 dicere
1023 674 1182 721 Deum
1223 690 1326 722 esse
1366 674 1781 739 indepmdentem,

391 747 511 795 nihil
548 748 681 795 aliud
718 755 790 796 est
829 764 974 811 quam
999 748 1162 797 dicere
1201 750 1360 797 Deum
1384 765 1490 798 esse
1530 766 1590 797 ex
1614 766 1783 798 earum

390 839 553 870 rerum
600 839 804 871 numero
847 840 1051 887 quarum
1089 841 1190 872 non
1227 825 1467 888 imaginor
1515 825 1780 888 originem:

390 899 517 946 sicut
549 897 710 946 dicere
745 899 904 946 Deum
942 915 1044 947 esse
1082 899 1338 962 infinitum,
1374 899 1504 947 idem
1537 909 1612 947 est
1642 916 1699 948 ac
1740 900 1782 948 si

391 972 610 1020 dicamus
636 989 749 1022 eum
773 990 876 1022 esse
901 974 950 1021 in
977 991 1180 1022 numero
1200 991 1367 1022 earum
1387 991 1550 1022 rerum
1574 991 1781 1039 quarum

389 1064 489 1095 non
514 1049 813 1112 concipimus
835 1050 971 1098 fines.
1042 1051 1104 1099 Et
1141 1051 1209 1099 sic
1234 1051 1391 1099 omnis
1432 1051 1544 1099 idea
1568 1051 1660 1100 Dei
1696 1068 1781 1100 ex-

389 1123 617 1171 cluditur.
690 1125 860 1173 Qualis
883 1126 1013 1173 enim
1038 1134 1112 1174 est
1134 1126 1244 1174 idea
1267 1127 1370 1174 sine
1394 1127 1583 1191 origine
1607 1135 1658 1174 et
1682 1135 1780 1175 ter-

388 1199 532 1246 minis
555 1199 570 1246 ἓ

457 1274 648 1322 Summe
693 1274 1048 1340 intelligentem
1066 1295 1082 1324 .·
1142 1293 1307 1339 quaero
1354 1278 1450 1335 hic,
1498 1293 1586 1340 per
1633 1293 1780 1341 quam

386 1349 548 1397 ideam
571 1350 631 1398 D.
656 1350 708 1398 C.
733 1351 963 1414 intelligit
986 1351 1367 1400 intellectionem
1394 1352 1486 1400 Dei
1506 1351 1522 1399 ?
1588 1353 1780 1401 Summe

378 1432 649 1489 potentem:
675 1426 809 1484 item,
829 1443 917 1489 per
936 1443 1082 1490 quam
1107 1427 1266 1475 ideam
1290 1427 1584 1491 intelligitur
1607 1435 1778 1491 poten-

389 1502 473 1559 tia,
498 1518 606 1565 quae
631 1509 705 1550 est
728 1518 891 1550 rerum
917 1503 1209 1562 futurarum,
1233 1503 1327 1551 hoc
1346 1511 1422 1551 est
1444 1519 1545 1551 non
1569 1503 1780 1552 existen-

386 1577 527 1626 tium.

454 1653 598 1700 Certe
635 1669 727 1716 ego
764 1654 1039 1717 potentiam
1075 1653 1296 1716 intelligo
1334 1669 1394 1701 ex
1432 1653 1645 1716 imagine
1677 1655 1778 1703 sive

386 1730 620 1777 memoria
647 1730 895 1778 actionum
924 1731 1299 1793 praeteritarum,
1333 1731 1427 1778 hoc
1461 1730 1607 1779 modo
1641 1731 1778 1780 colli-

384 1821 530 1865 gens:
550 1804 783 1868 siefeeit,
799 1822 922 1870 ergo
941 1806 1013 1854 sie
1022 1805 1397 1870 potuitfacere,
1417 1821 1542 1871 ergo
1561 1806 1777 1855 existens

384 1880 513 1928 idem
527 1880 600 1927 sie
614 1881 811 1944 poterit
826 1880 1001 1928 iterum
1005 1880 1210 1945 facere,
1229 1881 1318 1929 hoc
1335 1888 1412 1929 est
1429 1881 1582 1930 habet
1595 1889 1778 1946 poten-

385 1956 507 2003 tiam
512 1956 769 2019 faciendi.
804 1957 915 2004 Jam
934 1958 1039 2005 haec
1059 1957 1223 2005 omnia
1243 1964 1356 2005 sunt
1379 1957 1503 2005 ideae
1521 1973 1630 2021 quae
1654 1965 1776 2006 ortae

385 2047 489 2079 esse
514 2039 716 2095 possunt
740 2032 802 2080 ab
827 2033 1033 2095 objectis
1059 2033 1290 2081 externis.

455 2105 740 2155 Creatorem
763 2108 970 2155 omnium
996 2124 1101 2171 quse
1124 2114 1325 2155 extant:
1362 2106 1624 2156 creationis
1657 2107 1775 2156 ima-

383 2183 548 2246 ginem
567 2182 811 2246 quandam
830 2183 948 2230 mihi
967 2183 1058 2246 ipsi
1081 2184 1268 2247 fingere
1285 2199 1484 2247 possum
1505 2199 1564 2231 ex
1589 2183 1647 2231 iis
1665 2199 1775 2247 quae

385 2257 501 2316 vidi,
547 2258 681 2306 velut
719 2259 968 2306 hominem
1006 2266 1287 2307 nascentem
1328 2259 1428 2307 sive
1475 2266 1775 2307 crescentem

384 2333 518 2380 velut
541 2348 600 2380 ex
623 2340 807 2396 puncto
831 2334 882 2380 in
906 2334 1114 2396 figuram
1139 2341 1188 2382 et
1212 2334 1602 2397 magnitudinem
1629 2351 1774 2398 quam

385 2424 516 2456 nunc
561 2409 723 2457 habet.
793 2408 952 2456 Aliam
999 2409 1160 2457 ideam
1201 2409 1262 2457 ad
1310 2426 1490 2458 nomen
1538 2411 1774 2459 creatoris

386 2500 529 2532 nemo
553 2484 715 2532 habet.
778 2484 876 2532 Sed
894 2500 993 2532 non
1018 2484 1196 2532 sufficit
1221 2483 1284 2531 ad
1308 2485 1609 2547 probandam
1637 2502 1774 2534 crea-

387 2561 588 2617 tionem,
629 2560 761 2624 quod
803 2560 1061 2623 imaginari
1097 2576 1353 2624 possumus
1391 2561 1627 2609 mundum
1667 2577 1774 2610 esse

387 2644 622 2684 creatum.

452 2710 666 2775 Ideoque
690 2710 784 2758 etsi
807 2710 1197 2758 demonstratum
1233 2718 1361 2758 esset
1395 2711 1580 2775 aliquid
1615 2711 1772 2774 infini-

386 2793 503 2845 tum,
527 2785 873 2851 independens,
898 2801 1076 2833 summe
1091 2792 1275 2850 potens
1293 2794 1402 2844 etc„
1422 2787 1647 2846 existere,
1671 2803 1773 2836 non

385 2870 549 2910 tamen
573 2861 794 2925 sequitur
818 2860 1026 2909 existere
1051 2868 1335 2909 creatorem.
1376 2862 1483 2910 Nisi
1502 2863 1609 2925 quis
1631 2869 1773 2926 putet
