1982 3204
609 301 865 338 causum
893 299 1112 337 Bssssws,
1483 289 1539 339 71

155 411 276 473 nihil
301 413 457 475 majus
483 428 628 476 quam
642 414 753 461 —A
780 412 949 461 eadem
975 399 1249 475 quantitate
1268 412 1327 459 A.
1379 412 1544 461 Quare
1583 429 1692 455 mor».
1716 428 1801 455 vm.

164 487 258 543 ÷A
281 497 479 551 superat
501 489 628 546 -A,
654 488 928 552 quantitate
952 488 1045 535 2A.
1140 486 1275 534 Facit
1313 502 1430 547 ergo
1468 487 1545 540 2A

154 563 341 627 aequale
366 564 532 612 nihilo.
589 563 862 627 Propositio
885 579 1003 626 ergo
1029 562 1151 611 falsa
1174 570 1265 610 est.
1318 562 1546 611 Putarem

155 638 365 687 antehac
404 639 551 687 fuisse
583 639 857 689 Wallisium
898 638 1211 701 algebristam
1252 637 1545 700 perfectissi-

156 730 319 770 mum:
354 714 489 778 atqui
513 714 655 763 video
692 715 811 777 jam,
837 713 971 776 quod
1003 714 1052 761 in
1090 712 1444 776 quantitatibus
1476 712 1546 760 af-

155 788 298 838 fectis
320 805 382 847 ue
405 789 814 839 substractionem
837 788 1034 852 quidem
1059 788 1267 837 noverit.

1496 887 1535 938 ’κῖ

639 965 955 1000 PROPoSI'rIo
983 966 1062 1000 lx.

221 1059 582 1126 AEquipollens,
624 1062 671 1109 si
715 1061 795 1109 vel
837 1067 1088 1126 augeatur
1134 1059 1212 1108 vel
1248 1059 1549 1107 contrarium

156 1134 418 1195 minuatur,
455 1137 531 1200 fit
557 1137 901 1202 prcepollenss
937 1137 984 1184 si
1015 1136 1278 1194 minuatur,
1319 1135 1400 1183 vel
1437 1151 1549 1182 con-

154 1211 367 1259 trarium
386 1218 652 1277 augeatur,
667 1213 740 1275 fit
763 1211 1149 1276 minus-pollens,

221 1285 493 1350 Propositio
517 1287 621 1335 haec
647 1304 793 1347 nona,
818 1296 869 1335 et
899 1288 1079 1335 lemma
1110 1287 1353 1344 ultimum,
1379 1285 1550 1334 eadem

154 1371 230 1411 est
264 1378 377 1411 cum
413 1363 672 1427 hypothesi
713 1380 822 1411 mea
855 1364 1028 1427 prima,
1053 1362 1116 1411 ad
1141 1379 1247 1426 cap.
1279 1362 1399 1410 xxiii
1438 1361 1568 1422 libri!

155 1452 229 1486 ΒΕ
257 1452 530 1487 CORPORE.
617 1439 705 1487 Est
728 1447 892 1487 autem
914 1439 1018 1487 haec
1045 1458 1056 1486 :
1093 1438 1152 1487 Si
1163 1438 1365 1503 pondus
1387 1436 1461 1484 ad
1478 1436 1551 1484 al-

156 1519 396 1562 terutrum
435 1514 856 1579 oequilibratorum
898 1514 1184 1572 accesserit,
1233 1513 1306 1562 ad
1340 1512 1550 1560 alterum

154 1605 272 1638 vero
302 1606 396 1638 non
428 1591 715 1648 accesserit,
749 1589 943 1640 tollitur
975 1589 1317 1654 aequilibrium.
1387 1588 1551 1637 Quam

155 1664 237 1713 ille
259 1664 462 1714 dubium
486 1682 592 1714 esse
617 1674 768 1725 ratus,
795 1666 964 1714 addito
990 1672 1139 1713 totum
1172 1666 1330 1728 majus
1362 1670 1438 1712 est
1471 1663 1551 1711 sui

148 1746 320 1805 parte,
345 1740 683 1790 demonstrare
706 1741 964 1804 pulchrum
990 1756 1095 1788 esse
1124 1739 1433 1788 existimavit.

646 1907 974 1942 PROPOSITIO
1006 1908 1061 1941 X.

233 1991 329 2042 Ubi
349 1995 611 2057 conjuncta
634 2001 747 2043 sunt
771 2000 1054 2043 momentum
1074 2000 1125 2042 et
1145 1994 1550 2059 impedimentum,

156 2067 205 2117 ei
238 2076 521 2129 momentum
553 2069 842 2135 proepollet,
876 2086 978 2135 pro
1018 2077 1254 2121 momento
1293 2070 1440 2119 simul
1466 2071 1552 2119 ha-

157 2142 315 2192 benda
353 2151 468 2192 sunt
482 2163 501 2200 ;
531 2161 630 2210 pro
671 2145 1011 2210 impedimento
1046 2162 1173 2201 vero,
1207 2145 1255 2193 .ςί
1283 2145 1554 2210 proepollet

157 2219 552 2285 impedimentum
568 2239 587 2276 ;
634 2227 685 2269 et
726 2220 989 2286 utrobique
1030 2228 1183 2279 tanto,
1225 2229 1439 2286 quantus
1477 2228 1555 2269 est

155 2295 509 2361 proepollentis
572 2313 848 2353 excessus,
842 2315 853 2326 ·
917 2296 996 2346 sin
1065 2296 1397 2362 oequipollent,
1453 2314 1555 2362 pro

158 2377 347 2428 neutro

223 2444 317 2503 Sin
329 2445 489 2512 plura
519 2446 620 2495 sint
642 2448 919 2511 conjuncta
950 2447 1031 2497 vel
1051 2455 1289 2497 momenta
1307 2447 1426 2497 vel'
1406 2465 1554 2514 ampe-

159 2519 412 2571 dinenta:
460 2527 605 2570 tanta
642 2521 791 2572 simul
826 2521 1055 2579 habenda
1089 2530 1220 2583 sunt,
1256 2530 1441 2587 quanta
1480 2530 1556 2572 est

161 2595 423 2650 eorundem
446 2612 645 2646 summa.

232 2669 352 2720 Cum
373 2672 500 2720 enim
529 2673 787 2723 contraria
818 2674 919 2722 sint
949 2681 1230 2724 momentum
1265 2680 1315 2723 et
1352 2673 1555 2739 impedi-

162 2751 369 2794 mentum
386 2764 405 2801 ,·
427 2746 517 2795 hoc
539 2754 631 2806 est,
649 2764 802 2796 causa
827 2755 881 2796 ut
898 2749 983 2807 sit,
1003 2755 1055 2797 et
1077 2765 1230 2797 causa
1248 2766 1310 2797 ne
1325 2749 1420 2797 sit:
1444 2765 1556 2797 con-

162 2825 271 2868 stat
285 2822 615 2886 prm-situm,
632 2840 734 2888 per
756 2824 842 2872 viii
864 2823 1024 2887 hujus.

232 2894 373 2944 Falsa
393 2905 483 2946 est.
553 2898 688 2961 Quid
723 2898 887 2956 enim?
958 2899 1010 2948 Si
1034 2915 1205 2950 saxum
1229 2906 1374 2948 terrae
1397 2897 1556 2945 imita-

1601 475 1788 496 =.-7--ae
