1982 3204
406 245 502 288 338
747 255 815 288 DE
859 256 1232 290 MiRAmLiBUs
1271 257 1445 291 PECCI.

405 364 508 406 Huc
527 370 663 407 mater
682 364 773 407 fieri
793 365 966 422 cupiens
986 365 1146 408 accedit
1166 365 1315 416 inanis,

405 431 625 486 Plenaque
645 431 835 482 discedit,
857 440 961 489 puto
982 447 1059 474 nec
1079 431 1276 474 veniente
1296 431 1459 474 marito.

406 497 634 554 Excipitur
654 497 786 540 ferme
808 498 1014 553 quadrato
1035 499 1153 540 fonte
1175 513 1320 540 serena

284 568 371 608 440
406 563 452 605 N
455 579 598 606 ascens
619 563 744 614 unda,
766 571 811 606 et
832 564 1022 619 quinque
1043 563 1169 619 pedes
1190 563 1305 606 vehit
1327 563 1413 605 alta
1433 570 1639 607 natantes.

409 629 632 686 Spectator
651 630 796 680 muris,
819 637 863 672 et
883 637 997 672 tecto
1017 629 1258 672 excluditur
1278 629 1423 672 imber.

407 696 698 753 Hospitioque
719 697 864 739 eadem
885 696 1124 753 gratissima
1143 696 1293 738 balnea
1311 703 1456 738 nostro

407 762 644 819 Conjungit
664 762 824 805 foribus
845 762 980 818 paries
1001 761 1235 804 communis
1255 762 1421 817 apertis.

406 829 523 886 Ergo
544 829 694 885 placet,
716 829 913 883 coquitur
933 829 1034 870 dum
1054 828 1212 884 cespite
1234 843 1351 870 coena
1370 835 1566 878 cremato,

407 895 608 938 Defessos
628 895 812 952 lymphis
834 894 1022 937 refovere
1043 894 1288 951 tepentibus
1308 901 1438 936 artus.

407 961 612 1004 Protinus
633 961 753 1004 exuti
774 961 919 1004 nitidis
940 961 1154 1003 illabimur
1172 961 1309 1011 undis,

407 1027 624 1082 Nudaque
644 1027 877 1083 perspicuis
898 1027 1103 1070 vellamus
1124 1042 1294 1083 corpora
1317 1026 1513 1083 lymphis.

407 1093 454 1135 N
457 1109 539 1136 unc
559 1093 665 1136 facie
685 1109 817 1150 prona
837 1109 1012 1143 namus3
1045 1109 1158 1136 nunc
1178 1108 1278 1136 nare
1299 1093 1440 1149 supini

409 1159 656 1202 Tentamus.
718 1159 944 1202 Bibimus¹.
987 1159 1083 1202 Nec
1103 1159 1217 1202 enim
1238 1160 1380 1202 omnia
1398 1174 1620 1216 possumus
1641 1172 1796 1202 omnes.

287 1232 373 1272 450
409 1226 643 1281 Postquam
664 1226 827 1269 vexatis
848 1241 922 1282 per
942 1233 1076 1268 totam
1097 1226 1296 1268 fluctibus
1312 1226 1457 1268 horam

408 1292 611 1335 Lusimus
627 1308 638 1342 3
671 1291 827 1348 egressi
848 1291 968 1334 siccis
988 1291 1194 1334 lodicibus
1214 1291 1287 1334 udi

409 1359 648 1402 Induimur.
712 1358 820 1401 Mox
842 1358 1023 1414 quisque
1044 1374 1120 1401 suo
1141 1358 1346 1401 vestimur
1366 1357 1538 1408 amictu,

410 1425 608 1468 Vestitos
630 1425 773 1467 stratis
793 1432 991 1481 expectat
1010 1425 1175 1468 coenula
1194 1424 1361 1467 mensis.

409 1491 513 1534 Nox
534 1499 625 1534 atra
643 1491 806 1534 interea
825 1491 951 1533 simul
967 1491 1108 1534 evolat
1127 1490 1322 1533 omnibus
1342 1490 1487 1541 antris,

410 1557 473 1600 Et
492 1557 646 1601 victrix
667 1557 854 1600 tenebris
874 1557 1112 1600 involverat
1132 1557 1272 1599 omnia
1292 1556 1426 1607 caecis,

409 1623 560 1667 Donec
578 1623 790 1667 succensis
811 1623 994 1666 infertur
1013 1638 1131 1666 coena
1149 1623 1344 1665 lucernis.

409 1690 444 1733 J
445 1706 512 1733 am
533 1690 654 1733 nobis
675 1690 797 1732 elixae
819 1705 904 1733 non
925 1689 1093 1746 integra
1111 1689 1262 1732 balnea
1281 1689 1433 1741 ovillae,

414 1756 499 1800 Sed
518 1756 730 1799 modicum
745 1756 867 1812 juris,
889 1756 1093 1799 consultis
1114 1755 1329 1812 ponitur²:
1361 1755 1452 1813 ipsa

412 1823 528 1865 Tum
547 1838 656 1873 caro,
679 1822 860 1865 conditis
880 1822 1056 1865 thermis
1076 1822 1259 1871 educta³,
1281 1822 1477 1871 seorsim3

289 1892 376 1932 460
413 1889 566 1945 Atque
586 1889 676 1932 ovis
697 1889 883 1944 ejusdem
906 1888 1076 1931 fumans
1096 1904 1121 1931 a
1141 1887 1314 1944 cuspide
1333 1887 1532 1931 lumbus⁴.

411 1956 474 1998 Et
492 1971 628 2012 nuper
647 1963 774 2012 rupto
794 1955 963 2012 gallinae
983 1955 1113 1998 filius⁵
1141 1970 1233 1998 ovo.

412 2021 630 2078 Pisaquess,
654 2037 748 2077 quae
769 2021 891 2064 nobis
911 2028 1135 2064 converrat
1153 2020 1357 2071 cochlear,
1377 2027 1518 2064 uncta.

412 2088 534 2131 Ditia
554 2103 651 2131 cum
673 2089 832 2130 frustra
852 2094 1097 2144 quaerantur
1115 2088 1267 2145 pocula
1293 2087 1464 2139 Bacchi,

414 2154 513 2198 Olla
532 2154 756 2197 subridens
776 2154 939 2197 bibitur
959 2153 1137 2197 cervisia
1156 2154 1292 2211 nigra.

415 2220 596 2272 Coenati‚
617 2227 716 2276 pet-o
737 2236 904 2263 somnos
925 2220 1173 2263 arcessimus
1187 2220 1351 2263 hausto.

413 2286 594 2330 Postero
615 2286 841 2330 Phoebaeos
862 2287 1021 2330 ducens
1041 2302 1192 2329 aurora
1211 2285 1449 2342 triumphos

415 2353 620 2396 Nondum
640 2352 836 2409 vulgares
856 2353 964 2395 coelo
984 2352 1216 2395 dimoverat
1236 2352 1368 2409 ignes,

417 2420 542 2469 Cum,
564 2435 710 2462 somno
730 2434 919 2469 excusso,
943 2418 1096 2475 tepidis
1115 2418 1406 2476 immergimur
1423 2416 1549 2459 undis

416 2487 596 2535 Rursus,
618 2492 662 2527 et
682 2484 895 2528 inficimur
914 2484 1085 2541 penitus
1105 2484 1341 2527 medicante
1356 2483 1521 2539 liquore

297 2558 384 2599 470
418 2554 450 2597 J
453 2570 520 2596 am
541 2552 712 2609 dibaphi
729 2568 739 2602 ;
771 2558 901 2607 atque
922 2551 1076 2594 iterum
1098 2550 1285 2594 rorantia
1304 2565 1478 2606 corpora
1496 2547 1618 2592 lectis

468 2711 478 2732 ¹
496 2710 634 2745 Indocti
663 2720 757 2751 nare,
788 2720 916 2755 aquam
950 2709 1087 2743 imbibi-
1181 2707 1195 2729 ³
1210 2707 1326 2743 Ovilla
1343 2707 1435 2743 elixa
1452 2706 1595 2753 jusculo
1618 2711 1785 2743 extracta.

420 2777 511 2801 mus.
1186 2765 1200 2785 ⁴
1217 2763 1340 2798 Ovillae
1355 2769 1487 2799 assatae.

468 2821 482 2842 ²
502 2820 735 2866 Interrogatis‚
766 2831 810 2854 an
851 2820 978 2866 apponi
1018 2819 1091 2866 pla·
1186 2821 1199 2840 ³
1218 2819 1353 2854 Pullus.

422 2882 522 2913 neret.
1184 2874 1198 2895 ⁸
1216 2874 1307 2910 Pisa.
