1982 3204
172 423 284 452 PROF.
308 423 364 453 m.

417 289 479 333 66
625 299 918 334 Doc‘rmNAE
943 289 1308 334 wALmsmNAE
1336 288 1407 329 DE
1435 296 1591 330 Mo'ru

416 411 551 470 liter,
576 411 622 459 si
658 429 722 460 ex·
744 412 984 477 quotlibet
1015 408 1334 473 componitur,
1359 407 1481 455 data
1518 407 1804 473 composita,

415 494 465 534 et
503 486 581 535 vel
618 504 715 536 una
751 487 828 536 vel
865 486 1098 550 quotlibet
1120 483 1516 547 componentium,
1539 483 1620 530 vel
1642 501 1704 531 ex
1726 483 1806 531 his

416 563 687 625 composita
709 583 725 617 ,·
763 562 916 610 (latur
940 559 1212 625 composita
1237 575 1300 606 ex
1324 558 1547 622 reliquia.

480 637 610 686 Vera
634 646 723 697 est,
749 638 834 685 sed
858 653 958 684 non
985 636 1333 693 demonstrata,
1359 634 1473 698 quia
1498 634 1758 682 deducitur
1777 650 1807 682 a

414 714 722 777 praecedente
746 729 845 760 non
871 712 1218 759 demonstrata.

798 918 1242 952 PROPOSITEONES
1264 918 1340 961 IV,
1366 918 1418 951 V.

482 1015 564 1063 IV.
616 1013 672 1061 Sz·
708 1013 839 1061 ratio
879 1012 1062 1076 quaevis
1112 1027 1217 1059 cum
1263 1011 1570 1076 oequalz’tatis
1608 1012 1808 1060 'ratione

415 1095 734 1154 componatur
752 1107 771 1142 ;
805 1088 976 1135 eadem
1014 1094 1178 1135 manet
1214 1105 1320 1151 quoe
1340 1087 1492 1152 prins
1514 1087 1662 1135 ratio.
1734 1087 1808 1136 Et

414 1172 586 1213 contra
604 1184 621 1213 .·
658 1182 761 1229 quoe
797 1179 906 1212 >cnm
946 1163 1055 1211 alia
1101 1163 1298 1211 rc'ztione
1335 1164 1624 1228 composita,
1662 1163 1808 1212 ‘illam

415 1258 508 1289 non
532 1242 769 1296 immutat,
793 1247 868 1287 est
892 1238 1202 1304 aequalitatis
1225 1239 1369 1287 ratio.

479 1317 538 1365 V.
579 1316 896 1373 Quantitates
929 1314 1176 1379 quoelibet,
1214 1315 1265 1362 in
1299 1315 1471 1363 eadem
1506 1314 1702 1363 ratione
1724 1313 1813 1362 'vel

413 1399 574 1440 auctoe
597 1391 674 1439 vel
697 1391 950 1439 diminutae
968 1409 987 1445 ;
1022 1390 1072 1438 in
1097 1390 1268 1439 eadem
1301 1404 1395 1454 qua
1418 1389 1569 1454 pria-s·
1591 1389 1663 1438 ad
1680 1389 1807 1438 invi-

413 1484 512 1515 cem
535 1467 730 1514 ratione
753 1466 1125 1514 constituuntur.

476 1543 651 1590 Ambae
673 1558 799 1590 verae
823 1551 951 1600 sunt,
973 1541 1059 1589 sed
1081 1547 1258 1589 neutra
1282 1540 1631 1589 demonstrata.
1696 1541 1806 1590 Imo

408 1620 549 1681 juxta
574 1619 849 1666 doctrinam
878 1618 940 1666 ab
982 1618 1088 1681 ipso
1131 1616 1332 1674 editam,
1368 1624 1547 1665 neutra
1568 1623 1686 1666 vera
1716 1625 1806 1666 est.

415 1694 634 1757 Utraque
659 1702 840 1752 autem,
865 1701 919 1741 ut
943 1694 1004 1742 ab
1028 1693 1113 1741 illo
1137 1693 1400 1756 profertur,
1426 1693 1636 1741 obscura
1658 1699 1747 1741 εει.

481 1770 672 1819 Quarta
710 1786 829 1818 vera
874 1777 962 1828 est,
1003 1776 1206 1833 propter
1246 1784 1355 1816 eam
1396 1768 1550 1816 solam
1591 1782 1806 1828 causam,

414 1845 544 1908 quod
567 1846 694 1894 ratio
718 1845 920 1909 aequalis
944 1845 1008 1893 ad
1040 1845 1228 1908 aequale
1251 1861 1351 1893 non
1377 1851 1450 1892 est
1474 1844 1738 1908 quantitas.

481 1921 814 1985 Componatur
852 1922 983 1969 enim
1015 1937 1128 1970 cum
1156 1921 1346 1969 ratione
1371 1920 1415 1968 A
1439 1920 1502 1969 ad
1529 1921 1589 1979 A,
1610 1920 1739 1969 ‘ratio
1762 1921 1808 1969 A

414 1996 476 2044 ad
516 1997 765 2046 dimidiam
791 1999 850 2057 A,
881 1998 981 2045 sive
1004 1998 1094 2056 aA,
1130 2004 1187 2045 ut
1221 1997 1274 2045 in
1313 1997 1390 2045 his
1432 1996 1804 2061 quantitatibus,

414 2073 475 2131 A,
500 2073 559 2130 A,
585 2073 672 2126 ὲΑ.
742 2073 1061 2121 Manifestum
1096 2080 1170 2120 est
1210 2073 1451 2120 rationem
1486 2071 1808 2136 compositam

415 2164 476 2195 ex
499 2149 543 2195 A
566 2150 723 2212 prima
759 2150 823 2197 ad
846 2149 890 2197 A
915 2148 1196 2206 secundam,
1227 2156 1277 2196 et
1318 2164 1379 2196 ex
1417 2149 1462 2196 A
1494 2147 1709 2196 secunda
1743 2147 1807 2196 ad

414 2222 485 2275 {A
524 2226 734 2285 tertiam,
781 2226 977 2289 (nempe
1016 2226 1060 2272 A
1098 2224 1307 2288 primam
1350 2224 1413 2272 ad
1444 2225 1559 2285 aA),
1599 2223 1807 2273 eandem

415 2315 519 2346 esse
566 2316 676 2348 cum
713 2302 901 2350 ratione
944 2300 1172 2349 secundae
1208 2300 1252 2347 A
1283 2299 1346 2348 ad
1383 2301 1456 2352 {A
1496 2300 1720 2348 tertiam:
1746 2300 1807 2348 id

414 2374 543 2437 quod
584 2375 686 2438 ipse
723 2377 827 2424 vult
866 2393 975 2424 cum
1015 2375 1150 2434 dicit,
1189 2375 1276 2422 “si
1307 2376 1434 2423 ratio
1473 2376 1652 2438 quaevis
1692 2391 1805 2424 cum

413 2451 706 2512 aequalitatis
730 2453 919 2501 ratione
944 2452 1270 2516 componitur,
1296 2450 1465 2499 eadem
1503 2459 1669 2499 manet
1696 2467 1805 2515 quae

413 2526 548 2589 prius
588 2527 760 2583 ratio'’;
797 2544 1076 2592 quanquam
1106 2527 1256 2576 verba
1288 2527 1394 2590 ejus
1436 2526 1488 2574 id
1518 2542 1618 2575 non
1652 2526 1804 2590 signi-

413 2603 576 2652 ficent.

466 2677 550 2724 Ex
575 2694 671 2741 quo
691 2679 1003 2727 manifestum
1027 2687 1117 2738 est,
1137 2679 1379 2727 rationem
1405 2677 1699 2741 aequalitatis
1727 2678 1805 2740 (ut

410 2753 602 2814 putavit
648 2753 771 2816 ipse)
821 2770 921 2802 non
969 2771 1075 2803 esse
1120 2754 1463 2818 quantitatem.
1534 2753 1664 2802 Nam
1705 2769 1805 2803 una

411 2827 536 2875 ratio
578 2829 868 2892 aequalitatis
907 2847 998 2879 nec
1034 2831 1191 2894 major
1214 2845 1305 2878 nec
1328 2829 1489 2877 minor
1513 2838 1586 2877 est
1610 2829 1706 2878 alia
1728 2845 1802 2878 ra-

410 2902 543 2952 tione
569 2905 881 2967 aequalitatis:
908 2906 958 2955 id
979 2907 1111 2969 quod
1130 2921 1241 2955 cum
1260 2921 1352 2968 ego
1371 2904 1800 2964 demonstrassem,
