<?xml version="1.0" encoding="UTF-8"?>
<!DOCTYPE html PUBLIC "-//W3C//DTD XHTML 1.0 Transitional//EN"
    "http://www.w3.org/TR/xhtml1/DTD/xhtml1-transitional.dtd">
<html xmlns="http://www.w3.org/1999/xhtml" xml:lang="en" lang="en">
 <head>
  <title>
</title>
<meta http-equiv="Content-Type" content="text/html;charset=utf-8" />
  <meta name='ocr-system' content='tesseract 3.04.00' />
  <meta name='ocr-capabilities' content='ocr_page ocr_carea ocr_par ocr_line ocrx_word'/>
</head>
<body>
  <div class='ocr_page' id='page_1' title='image "./operaphilosophic05hobbuoft/operaphilosophic05hobbuoft_0039.png"; bbox 0 0 1982 3204; ppageno 0'>
   <div class='ocr_carea' id='block_1_1' title="bbox 483 285 1529 328">
    <p class='ocr_par' dir='ltr' id='par_1_1' title="bbox 483 285 1529 328">
     <span class='ocr_line' id='line_1_1' title="bbox 483 285 1529 328; baseline 0.003 -3"><span class='ocrx_word' id='word_1_1' title='bbox 483 290 738 326; x_wconf 73' lang='lat' dir='ltr'><strong>RosETUM</strong></span> <span class='ocrx_word' id='word_1_2' title='bbox 766 291 1195 328; x_wconf 76' lang='lat' dir='ltr'><strong>GBOMETRICUM.</strong></span> <span class='ocrx_word' id='word_1_3' title='bbox 1473 285 1529 328; x_wconf 85' lang='lat'><strong>31</strong></span> 
     </span>
    </p>
   </div>
   <div class='ocr_carea' id='block_1_2' title="bbox 143 400 1822 1505">
    <p class='ocr_par' dir='ltr' id='par_1_2' title="bbox 143 400 1822 1505">
     <span class='ocr_line' id='line_1_2' title="bbox 146 400 1784 468; baseline 0.001 -20"><span class='ocrx_word' id='word_1_4' title='bbox 146 400 379 464; x_wconf 83' lang='lat' dir='ltr'>trianguli</span> <span class='ocrx_word' id='word_1_5' title='bbox 402 401 558 450; x_wconf 90' lang='lat' dir='ltr'><strong>APD.</strong></span> <span class='ocrx_word' id='word_1_6' title='bbox 630 403 795 453; x_wconf 78' lang='lat' dir='ltr'><strong>Quare</strong></span> <span class='ocrx_word' id='word_1_7' title='bbox 818 412 1025 467; x_wconf 89' lang='lat' dir='ltr'><strong>tangens</strong></span> <span class='ocrx_word' id='word_1_8' title='bbox 1058 405 1416 468; x_wconf 78' lang='lat' dir='ltr'><strong>30-graduu1n,</strong></span> <span class='ocrx_word' id='word_1_9' title='bbox 1442 414 1535 455; x_wconf 89' lang='lat' dir='ltr'><strong>etc.</strong></span> <span class='ocrx_word' id='word_1_10' title='bbox 1583 424 1706 450; x_wconf 64' lang='lat' dir='ltr'><strong>raon».</strong></span> <span class='ocrx_word' id='word_1_11' title='bbox 1728 423 1784 450; x_wconf 71' lang='grc' dir='ltr'><strong>ιι.</strong></span> 
     </span>
     <span class='ocr_line' id='line_1_3' title="bbox 149 469 1822 549; baseline 0.003 -25"><span class='ocrx_word' id='word_1_12' title='bbox 149 475 298 525; x_wconf 78' lang='lat' dir='ltr'><strong>Quod</strong></span> <span class='ocrx_word' id='word_1_13' title='bbox 321 486 426 526; x_wconf 85' lang='lat' dir='ltr'><strong>erat</strong></span> <span class='ocrx_word' id='word_1_14' title='bbox 450 477 897 527; x_wconf 84' lang='lat' dir='ltr'><strong>demonstrandum.</strong></span> <span class='ocrx_word' id='word_1_15' title='bbox 1556 469 1822 549; x_wconf 45' lang='lat' dir='ltr'><strong>Ama</strong></span> 
     </span>
     <span class='ocr_line' id='line_1_4' title="bbox 213 551 1798 621; baseline 0.003 -21"><span class='ocrx_word' id='word_1_16' title='bbox 213 551 470 602; x_wconf 68' lang='lat' dir='ltr'><strong>Ammo.</strong></span> <span class='ocrx_word' id='word_1_17' title='bbox 510 553 777 618; x_wconf 74' lang='lat' dir='ltr'><em>Consumto</em></span> <span class='ocrx_word' id='word_1_18' title='bbox 802 554 1109 619; x_wconf 78' lang='lat' dir='ltr'><strong>jampridem</strong></span> <span class='ocrx_word' id='word_1_19' title='bbox 1131 562 1207 602; x_wconf 74' lang='lat' dir='ltr'><strong>est</strong></span> <span class='ocrx_word' id='word_1_20' title='bbox 1229 555 1331 603; x_wconf 81' lang='lat' dir='ltr'><strong>hoec</strong></span> <span class='ocrx_word' id='word_1_21' title='bbox 1346 572 1538 621; x_wconf 82' lang='lat' dir='ltr'><strong>propo·</strong></span> <span class='ocrx_word' id='word_1_22' title='bbox 1557 555 1594 583; x_wconf 73' lang='lat'><strong>‘⁵&#39;</strong></span> <span class='ocrx_word' id='word_1_23' title='bbox 1609 554 1732 592; x_wconf 69' lang='lat' dir='ltr'><strong>„qu-u.</strong></span> <span class='ocrx_word' id='word_1_24' title='bbox 1743 558 1798 583; x_wconf 62' lang='lat'><strong>‘¹²</strong></span> 
     </span>
     <span class='ocr_line' id='line_1_5' title="bbox 146 626 1540 689; baseline 0.003 -15"><span class='ocrx_word' id='word_1_25' title='bbox 146 626 267 675; x_wconf 69' lang='lat' dir='ltr'><strong>citio</strong></span> <span class='ocrx_word' id='word_1_26' title='bbox 289 626 351 675; x_wconf 81' lang='lat' dir='ltr'><strong>ab</strong></span> <span class='ocrx_word' id='word_1_27' title='bbox 383 626 609 676; x_wconf 75' lang='lat' dir='ltr'><strong>Wallisio</strong></span> <span class='ocrx_word' id='word_1_28' title='bbox 632 645 696 676; x_wconf 67' lang='lat' dir='ltr'><strong>es</strong></span> <span class='ocrx_word' id='word_1_29' title='bbox 726 627 909 676; x_wconf 73' lang='lat' dir='ltr'><strong>tabulis</strong></span> <span class='ocrx_word' id='word_1_30' title='bbox 942 628 1145 687; x_wconf 66' lang='lat' dir='ltr'><strong>cinnum,</strong></span> <span class='ocrx_word' id='word_1_31' title='bbox 1181 630 1466 689; x_wconf 77' lang='lat' dir='ltr'><strong>secantium,</strong></span> <span class='ocrx_word' id='word_1_32' title='bbox 1490 638 1540 679; x_wconf 83' lang='lat' dir='ltr'><strong>et</strong></span> 
     </span>
     <span class='ocr_line' id='line_1_6' title="bbox 147 702 1540 767; baseline 0.002 -17"><span class='ocrx_word' id='word_1_33' title='bbox 147 702 470 767; x_wconf 76' lang='lat' dir='ltr'><em>tangentium,</em></span> <span class='ocrx_word' id='word_1_34' title='bbox 493 716 776 751; x_wconf 69' lang='lat' dir='ltr'><strong>summorum</strong></span> <span class='ocrx_word' id='word_1_35' title='bbox 801 709 1166 767; x_wconf 81' lang='lat' dir='ltr'><strong><em>geometrarum</em></strong></span> <span class='ocrx_word' id='word_1_36' title='bbox 1203 721 1388 753; x_wconf 75' lang='lat' dir='ltr'><strong>summa</strong></span> <span class='ocrx_word' id='word_1_37' title='bbox 1419 723 1540 754; x_wconf 82' lang='lat' dir='ltr'><strong>cura</strong></span> 
     </span>
     <span class='ocr_line' id='line_1_7' title="bbox 147 776 1538 841; baseline 0.003 -16"><span class='ocrx_word' id='word_1_38' title='bbox 147 776 430 826; x_wconf 71' lang='lat' dir='ltr'><strong>calculatis.</strong></span> <span class='ocrx_word' id='word_1_39' title='bbox 497 777 671 826; x_wconf 84' lang='lat' dir='ltr'><em>Utrum</em></span> <span class='ocrx_word' id='word_1_40' title='bbox 694 777 891 826; x_wconf 77' lang='lat' dir='ltr'><strong>Hobbio</strong></span> <span class='ocrx_word' id='word_1_41' title='bbox 916 795 982 826; x_wconf 83' lang='lat' dir='ltr'><strong>an</strong></span> <span class='ocrx_word' id='word_1_42' title='bbox 1004 778 1111 827; x_wconf 73' lang='lat' dir='ltr'><strong>illis</strong></span> <span class='ocrx_word' id='word_1_43' title='bbox 1136 779 1435 828; x_wconf 83' lang='lat' dir='ltr'><strong>credendum</strong></span> <span class='ocrx_word' id='word_1_44' title='bbox 1453 781 1538 841; x_wconf 77' lang='lat' dir='ltr'><strong>sit,</strong></span> 
     </span>
     <span class='ocr_line' id='line_1_8' title="bbox 148 851 918 912; baseline 0.003 -12"><span class='ocrx_word' id='word_1_45' title='bbox 148 858 252 912; x_wconf 74' lang='lat' dir='ltr'><strong>tua,</strong></span> <span class='ocrx_word' id='word_1_46' title='bbox 271 851 443 911; x_wconf 83' lang='lat' dir='ltr'><strong>lector,</strong></span> <span class='ocrx_word' id='word_1_47' title='bbox 467 853 806 901; x_wconf 78' lang='lat' dir='ltr'><em>consideratio</em></span> <span class='ocrx_word' id='word_1_48' title='bbox 829 860 918 903; x_wconf 73' lang='lat' dir='ltr'><strong>est.</strong></span> 
     </span>
     <span class='ocr_line' id='line_1_9' title="bbox 214 923 1542 992; baseline 0.003 -16"><span class='ocrx_word' id='word_1_49' title='bbox 214 928 446 992; x_wconf 86' lang='lat' dir='ltr'><strong>Sequitur</strong></span> <span class='ocrx_word' id='word_1_50' title='bbox 467 929 583 977; x_wconf 88' lang='lat' dir='ltr'><strong>hinc</strong></span> <span class='ocrx_word' id='word_1_51' title='bbox 616 929 732 988; x_wconf 91' lang='grc' dir='ltr'><strong>ΒΜ,</strong></span> <span class='ocrx_word' id='word_1_52' title='bbox 757 930 880 988; x_wconf 91' lang='grc' dir='ltr'><strong>ΜΝ,</strong></span> <span class='ocrx_word' id='word_1_53' title='bbox 900 930 1006 989; x_wconf 91' lang='lat' dir='ltr'><strong>NC,</strong></span> <span class='ocrx_word' id='word_1_54' title='bbox 1023 929 1117 989; x_wconf 88' lang='lat' dir='ltr'><strong>CP,</strong></span> <span class='ocrx_word' id='word_1_55' title='bbox 1135 930 1235 989; x_wconf 91' lang='lat' dir='ltr'><strong>KS,</strong></span> <span class='ocrx_word' id='word_1_56' title='bbox 1269 946 1376 980; x_wconf 89' lang='lat' dir='ltr'><strong>esse</strong></span> <span class='ocrx_word' id='word_1_57' title='bbox 1412 923 1542 980; x_wconf 61' lang='lat' dir='ltr'><strong>int&amp;</strong></span> 
     </span>
     <span class='ocr_line' id='line_1_10' title="bbox 146 1003 1542 1071; baseline 0.002 -19"><span class='ocrx_word' id='word_1_58' title='bbox 146 1018 200 1053; x_wconf 79' lang='lat' dir='ltr'><strong>se</strong></span> <span class='ocrx_word' id='word_1_59' title='bbox 221 1003 445 1067; x_wconf 82' lang='lat' dir='ltr'><strong>aequales.</strong></span> <span class='ocrx_word' id='word_1_60' title='bbox 516 1004 640 1052; x_wconf 90' lang='lat' dir='ltr'><strong>Cum</strong></span> <span class='ocrx_word' id='word_1_61' title='bbox 677 1005 806 1053; x_wconf 89' lang='lat' dir='ltr'><strong>enim</strong></span> <span class='ocrx_word' id='word_1_62' title='bbox 842 1021 1146 1070; x_wconf 87' lang='lat' dir='ltr'><strong>unaquaeque</strong></span> <span class='ocrx_word' id='word_1_63' title='bbox 1182 1022 1350 1054; x_wconf 87' lang='lat' dir='ltr'><strong>earum</strong></span> <span class='ocrx_word' id='word_1_64' title='bbox 1392 1007 1542 1071; x_wconf 88' lang='lat' dir='ltr'><strong>dupla</strong></span> 
     </span>
     <span class='ocr_line' id='line_1_11' title="bbox 145 1079 1542 1144; baseline 0.003 -17"><span class='ocrx_word' id='word_1_65' title='bbox 145 1079 210 1128; x_wconf 87' lang='lat' dir='ltr'><strong>sit</strong></span> <span class='ocrx_word' id='word_1_66' title='bbox 230 1086 378 1127; x_wconf 85' lang='lat' dir='ltr'><strong>rectae</strong></span> <span class='ocrx_word' id='word_1_67' title='bbox 402 1079 498 1128; x_wconf 87' lang='grc' dir='ltr'><strong>ΗΟ</strong></span> <span class='ocrx_word' id='word_1_68' title='bbox 521 1080 599 1128; x_wconf 86' lang='lat' dir='ltr'><strong>vel</strong></span> <span class='ocrx_word' id='word_1_69' title='bbox 625 1080 713 1138; x_wconf 79' lang='lat' dir='ltr'><strong>IQ,</strong></span> <span class='ocrx_word' id='word_1_70' title='bbox 728 1081 938 1144; x_wconf 84' lang='lat' dir='ltr'><strong>aequales</strong></span> <span class='ocrx_word' id='word_1_71' title='bbox 961 1090 1106 1130; x_wconf 87' lang='lat' dir='ltr'><strong>erunt</strong></span> <span class='ocrx_word' id='word_1_72' title='bbox 1123 1082 1254 1130; x_wconf 90' lang='lat' dir='ltr'><strong>inter</strong></span> <span class='ocrx_word' id='word_1_73' title='bbox 1276 1098 1344 1130; x_wconf 88' lang='lat' dir='ltr'><strong>se.</strong></span> <span class='ocrx_word' id='word_1_74' title='bbox 1414 1083 1542 1131; x_wconf 85' lang='lat' dir='ltr'>Prae-</span> 
     </span>
     <span class='ocr_line' id='line_1_12' title="bbox 144 1152 1539 1219; baseline 0.003 -17"><span class='ocrx_word' id='word_1_75' title='bbox 144 1162 280 1203; x_wconf 83' lang='lat' dir='ltr'><strong>terea</strong></span> <span class='ocrx_word' id='word_1_76' title='bbox 303 1152 389 1202; x_wconf 93' lang='lat' dir='ltr'><strong>BP</strong></span> <span class='ocrx_word' id='word_1_77' title='bbox 412 1155 562 1219; x_wconf 91' lang='lat' dir='ltr'><strong>dupla</strong></span> <span class='ocrx_word' id='word_1_78' title='bbox 585 1163 659 1203; x_wconf 91' lang='lat' dir='ltr'><strong>est</strong></span> <span class='ocrx_word' id='word_1_79' title='bbox 690 1153 785 1205; x_wconf 90' lang='lat' dir='ltr'><strong>GS.</strong></span> <span class='ocrx_word' id='word_1_80' title='bbox 855 1156 1176 1207; x_wconf 86' lang='lat' dir='ltr'><strong>Manifestum</strong></span> <span class='ocrx_word' id='word_1_81' title='bbox 1211 1157 1343 1205; x_wconf 89' lang='lat' dir='ltr'><strong>enim</strong></span> <span class='ocrx_word' id='word_1_82' title='bbox 1380 1165 1454 1206; x_wconf 88' lang='lat' dir='ltr'><strong>est</strong></span> <span class='ocrx_word' id='word_1_83' title='bbox 1479 1174 1539 1206; x_wconf 89' lang='lat' dir='ltr'><strong>ex</strong></span> 
     </span>
     <span class='ocr_line' id='line_1_13' title="bbox 145 1229 1540 1297; baseline 0.003 -20"><span class='ocrx_word' id='word_1_84' title='bbox 145 1244 205 1278; x_wconf 87' lang='lat' dir='ltr'><strong>eo</strong></span> <span class='ocrx_word' id='word_1_85' title='bbox 227 1229 359 1294; x_wconf 88' lang='lat' dir='ltr'><strong>quod</strong></span> <span class='ocrx_word' id='word_1_86' title='bbox 383 1229 473 1278; x_wconf 87' lang='lat' dir='ltr'><strong>AB</strong></span> <span class='ocrx_word' id='word_1_87' title='bbox 498 1230 647 1295; x_wconf 88' lang='lat' dir='ltr'><strong>dupla</strong></span> <span class='ocrx_word' id='word_1_88' title='bbox 670 1239 744 1279; x_wconf 90' lang='lat' dir='ltr'><strong>est</strong></span> <span class='ocrx_word' id='word_1_89' title='bbox 776 1230 884 1282; x_wconf 89' lang='lat' dir='ltr'><strong>AG.</strong></span> <span class='ocrx_word' id='word_1_90' title='bbox 955 1232 1100 1281; x_wconf 88' lang='lat' dir='ltr'><strong>Unde</strong></span> <span class='ocrx_word' id='word_1_91' title='bbox 1124 1248 1293 1281; x_wconf 87' lang='lat' dir='ltr'>rursus</span> <span class='ocrx_word' id='word_1_92' title='bbox 1331 1244 1540 1297; x_wconf 88' lang='lat' dir='ltr'><strong>apparet</strong></span> 
     </span>
     <span class='ocr_line' id='line_1_14' title="bbox 145 1302 1538 1372; baseline 0.004 -19"><span class='ocrx_word' id='word_1_93' title='bbox 145 1302 232 1353; x_wconf 94' lang='lat' dir='ltr'><strong>BP</strong></span> <span class='ocrx_word' id='word_1_94' title='bbox 254 1321 361 1354; x_wconf 84' lang='lat' dir='ltr'><strong>esse</strong></span> <span class='ocrx_word' id='word_1_95' title='bbox 390 1314 676 1369; x_wconf 82' lang='lat' dir='ltr'><strong>tangentem</strong></span> <span class='ocrx_word' id='word_1_96' title='bbox 711 1312 776 1355; x_wconf 88' lang='grc'><strong>30</strong></span> <span class='ocrx_word' id='word_1_97' title='bbox 807 1307 1066 1370; x_wconf 88' lang='lat' dir='ltr'><strong>graduum.</strong></span> <span class='ocrx_word' id='word_1_98' title='bbox 1138 1309 1267 1357; x_wconf 93' lang='lat' dir='ltr'><strong>Nam</strong></span> <span class='ocrx_word' id='word_1_99' title='bbox 1293 1308 1393 1367; x_wconf 89' lang='lat' dir='ltr'><strong>AS,</strong></span> <span class='ocrx_word' id='word_1_100' title='bbox 1428 1325 1538 1372; x_wconf 86' lang='lat' dir='ltr'><strong>quae</strong></span> 
     </span>
     <span class='ocr_line' id='line_1_15' title="bbox 143 1380 1565 1448; baseline 0.004 -20"><span class='ocrx_word' id='word_1_101' title='bbox 143 1380 402 1429; x_wconf 88' lang='lat' dir='ltr'><strong>manifeste</strong></span> <span class='ocrx_word' id='word_1_102' title='bbox 425 1381 624 1445; x_wconf 85' lang='lat' dir='ltr'><strong>aequalis</strong></span> <span class='ocrx_word' id='word_1_103' title='bbox 648 1390 725 1430; x_wconf 87' lang='lat' dir='ltr'><strong>est</strong></span> <span class='ocrx_word' id='word_1_104' title='bbox 758 1384 983 1446; x_wconf 85' lang='lat' dir='ltr'><strong>tangenti</strong></span> <span class='ocrx_word' id='word_1_105' title='bbox 1020 1389 1084 1433; x_wconf 91' lang='grc'><strong>30</strong></span> <span class='ocrx_word' id='word_1_106' title='bbox 1107 1384 1366 1448; x_wconf 84' lang='lat' dir='ltr'><strong>graduum,</strong></span> <span class='ocrx_word' id='word_1_107' title='bbox 1391 1384 1565 1448; x_wconf 27' lang='lat' dir='ltr'><strong>dupla*</strong></span> 
     </span>
     <span class='ocr_line' id='line_1_16' title="bbox 144 1453 342 1505; baseline 0.005 -1"><span class='ocrx_word' id='word_1_108' title='bbox 144 1463 222 1504; x_wconf 82' lang='lat' dir='ltr'><strong>est</strong></span> <span class='ocrx_word' id='word_1_109' title='bbox 245 1453 342 1505; x_wconf 90' lang='lat' dir='ltr'><strong>GS.</strong></span> 
     </span>
    </p>
   </div>
   <div class='ocr_carea' id='block_1_3' title="bbox 667 1702 1003 1752">
    <p class='ocr_par' dir='ltr' id='par_1_3' title="bbox 667 1702 1003 1752">
     <span class='ocr_line' id='line_1_17' title="bbox 667 1702 1003 1752; baseline 0.003 -1"><span class='ocrx_word' id='word_1_110' title='bbox 667 1702 850 1751; x_wconf 90' lang='lat' dir='ltr'><strong>PROP.</strong></span> <span class='ocrx_word' id='word_1_111' title='bbox 887 1703 1003 1752; x_wconf 91' lang='lat' dir='ltr'>XII.</span> 
     </span>
    </p>
   </div>
   <div class='ocr_carea' id='block_1_4' title="bbox 145 1825 1539 2015">
    <p class='ocr_par' dir='ltr' id='par_1_4' title="bbox 145 1825 1539 2015">
     <span class='ocr_line' id='line_1_18' title="bbox 145 1825 1539 1867; baseline 0.003 -7"><span class='ocrx_word' id='word_1_112' title='bbox 145 1825 323 1860; x_wconf 67' lang='lat' dir='ltr'><strong>nncrA</strong></span> <span class='ocrx_word' id='word_1_113' title='bbox 349 1827 474 1866; x_wconf 52' lang='grc' dir='ltr'><em>αυλις</em></span> <span class='ocrx_word' id='word_1_114' title='bbox 500 1827 814 1862; x_wconf 73' lang='lat' dir='ltr'><strong>‘rmANGUm</strong></span> <span class='ocrx_word' id='word_1_115' title='bbox 839 1829 1198 1867; x_wconf 78' lang='lat' dir='ltr'><strong>AEQUILATERI</strong></span> <span class='ocrx_word' id='word_1_116' title='bbox 1235 1829 1423 1864; x_wconf 77' lang='lat' dir='ltr'>BASEM</span> <span class='ocrx_word' id='word_1_117' title='bbox 1450 1830 1539 1864; x_wconf 73' lang='lat' dir='ltr'><strong>sn-</strong></span> 
     </span>
     <span class='ocr_line' id='line_1_19' title="bbox 211 1901 1538 1947; baseline 0.002 -11"><span class='ocrx_word' id='word_1_118' title='bbox 211 1901 314 1936; x_wconf 81' lang='lat' dir='ltr'><strong>CAT</strong></span> <span class='ocrx_word' id='word_1_119' title='bbox 336 1902 372 1936; x_wconf 73' lang='lat' dir='ltr'>A</span> <span class='ocrx_word' id='word_1_120' title='bbox 403 1903 612 1941; x_wconf 75' lang='lat' dir='ltr'><strong>Qnows</strong></span> <span class='ocrx_word' id='word_1_121' title='bbox 642 1903 884 1938; x_wconf 59' lang='lat' dir='ltr'><strong>viennen</strong></span> <span class='ocrx_word' id='word_1_122' title='bbox 919 1904 1215 1947; x_wconf 60' lang='lat' dir='ltr'><strong>mumma,</strong></span> <span class='ocrx_word' id='word_1_123' title='bbox 1247 1905 1538 1942; x_wconf 82' lang='lat' dir='ltr'><strong>SESQUIAL-</strong></span> 
     </span>
     <span class='ocr_line' id='line_1_20' title="bbox 208 1971 1443 2015; baseline 0.003 -5"><span class='ocrx_word' id='word_1_124' title='bbox 208 1976 352 2010; x_wconf 78' lang='lat' dir='ltr'><strong>&#39;rRRA</strong></span> <span class='ocrx_word' id='word_1_125' title='bbox 381 1977 479 2011; x_wconf 74' lang='lat' dir='ltr'><strong>EST</strong></span> <span class='ocrx_word' id='word_1_126' title='bbox 503 1978 822 2012; x_wconf 76' lang='lat' dir='ltr'>TANGENTIS</span> <span class='ocrx_word' id='word_1_127' title='bbox 848 1979 1029 2014; x_wconf 72' lang='lat' dir='ltr'><strong>Ancus</strong></span> <span class='ocrx_word' id='word_1_128' title='bbox 1055 1971 1119 2014; x_wconf 90' lang='lat'><strong>30</strong></span> <span class='ocrx_word' id='word_1_129' title='bbox 1145 1980 1443 2015; x_wconf 79' lang='lat' dir='ltr'><strong>GRADUUM.</strong></span> 
     </span>
    </p>
   </div>
   <div class='ocr_carea' id='block_1_5' title="bbox 138 2060 1536 2958">
    <p class='ocr_par' dir='ltr' id='par_1_5' title="bbox 138 2060 1536 2958">
     <span class='ocr_line' id='line_1_21' title="bbox 143 2060 1536 2130; baseline 0.004 -21"><span class='ocrx_word' id='word_1_130' title='bbox 143 2060 418 2111; x_wconf 65' lang='lat' dir='ltr'><strong>Smaa&#39;rnn</strong></span> <span class='ocrx_word' id='word_1_131' title='bbox 459 2063 511 2110; x_wconf 90' lang='lat' dir='ltr'><strong>in</strong></span> <span class='ocrx_word' id='word_1_132' title='bbox 535 2061 627 2111; x_wconf 89' lang='lat' dir='ltr'><strong>AB</strong></span> <span class='ocrx_word' id='word_1_133' title='bbox 659 2071 867 2127; x_wconf 88' lang='lat' dir='ltr'><strong>tangens</strong></span> <span class='ocrx_word' id='word_1_134' title='bbox 897 2080 1040 2113; x_wconf 88' lang='lat' dir='ltr'><strong>arcus</strong></span> <span class='ocrx_word' id='word_1_135' title='bbox 1073 2071 1137 2114; x_wconf 90' lang='lat'><strong>30</strong></span> <span class='ocrx_word' id='word_1_136' title='bbox 1160 2065 1404 2130; x_wconf 85' lang='lat' dir='ltr'><strong>graduum</strong></span> <span class='ocrx_word' id='word_1_137' title='bbox 1428 2065 1536 2114; x_wconf 90' lang='lat' dir='ltr'><strong>AT.</strong></span> 
     </span>
     <span class='ocr_line' id='line_1_22' title="bbox 139 2137 1536 2202; baseline 0.002 -16"><span class='ocrx_word' id='word_1_138' title='bbox 139 2137 387 2202; x_wconf 84' lang='lat' dir='ltr'><strong>Jungatur</strong></span> <span class='ocrx_word' id='word_1_139' title='bbox 409 2138 497 2187; x_wconf 92' lang='lat' dir='ltr'><strong>DT</strong></span> <span class='ocrx_word' id='word_1_140' title='bbox 520 2154 692 2187; x_wconf 86' lang='lat' dir='ltr'><strong>secans</strong></span> <span class='ocrx_word' id='word_1_141' title='bbox 715 2138 812 2187; x_wconf 86' lang='grc' dir='ltr'><strong>ΑΚ</strong></span> <span class='ocrx_word' id='word_1_142' title='bbox 834 2140 885 2188; x_wconf 90' lang='lat' dir='ltr'><strong>in</strong></span> <span class='ocrx_word' id='word_1_143' title='bbox 910 2141 969 2199; x_wconf 92' lang='lat' dir='ltr'><strong>V,</strong></span> <span class='ocrx_word' id='word_1_144' title='bbox 995 2148 1045 2189; x_wconf 90' lang='lat' dir='ltr'><strong>et</strong></span> <span class='ocrx_word' id='word_1_145' title='bbox 1066 2149 1253 2190; x_wconf 89' lang='lat' dir='ltr'><strong>rectam</strong></span> <span class='ocrx_word' id='word_1_146' title='bbox 1276 2139 1369 2188; x_wconf 87' lang='grc' dir='ltr'><strong>ΕΚ</strong></span> <span class='ocrx_word' id='word_1_147' title='bbox 1391 2141 1443 2189; x_wconf 93' lang='lat' dir='ltr'><strong>in</strong></span> <span class='ocrx_word' id='word_1_148' title='bbox 1469 2140 1536 2197; x_wconf 92' lang='lat' dir='ltr'><strong>X,</strong></span> 
     </span>
     <span class='ocr_line' id='line_1_23' title="bbox 141 2211 1534 2280; baseline 0.003 -19"><span class='ocrx_word' id='word_1_149' title='bbox 141 2220 194 2261; x_wconf 86' lang='lat' dir='ltr'><strong>et</strong></span> <span class='ocrx_word' id='word_1_150' title='bbox 214 2211 425 2261; x_wconf 87' lang='lat' dir='ltr'><strong>ducatur</strong></span> <span class='ocrx_word' id='word_1_151' title='bbox 448 2212 566 2262; x_wconf 89' lang='lat' dir='ltr'><strong>AX.</strong></span> <span class='ocrx_word' id='word_1_152' title='bbox 635 2215 742 2262; x_wconf 87' lang='lat' dir='ltr'><strong>Erit</strong></span> <span class='ocrx_word' id='word_1_153' title='bbox 765 2231 883 2279; x_wconf 89' lang='lat' dir='ltr'><strong>ergo</strong></span> <span class='ocrx_word' id='word_1_154' title='bbox 908 2217 1210 2280; x_wconf 85' lang='lat' dir='ltr'><strong>triangulum</strong></span> <span class='ocrx_word' id='word_1_155' title='bbox 1228 2215 1369 2265; x_wconf 89' lang='lat' dir='ltr'><strong>ATX</strong></span> <span class='ocrx_word' id='word_1_156' title='bbox 1392 2218 1534 2280; x_wconf 84' lang='lat' dir='ltr'><strong>aequi-</strong></span> 
     </span>
     <span class='ocr_line' id='line_1_24' title="bbox 140 2287 1534 2356; baseline 0.003 -20"><span class='ocrx_word' id='word_1_157' title='bbox 140 2287 366 2337; x_wconf 84' lang='lat' dir='ltr'><strong>laternm.</strong></span> <span class='ocrx_word' id='word_1_158' title='bbox 433 2289 522 2338; x_wconf 89' lang='lat' dir='ltr'><strong>Est</strong></span> <span class='ocrx_word' id='word_1_159' title='bbox 556 2305 675 2354; x_wconf 88' lang='lat' dir='ltr'><strong>ergo</strong></span> <span class='ocrx_word' id='word_1_160' title='bbox 705 2291 914 2354; x_wconf 88' lang='lat' dir='ltr'><strong>angulus</strong></span> <span class='ocrx_word' id='word_1_161' title='bbox 938 2291 1101 2350; x_wconf 88' lang='lat' dir='ltr'><strong>AVD,</strong></span> <span class='ocrx_word' id='word_1_162' title='bbox 1138 2300 1192 2341; x_wconf 90' lang='lat' dir='ltr'><strong>ut</strong></span> <span class='ocrx_word' id='word_1_163' title='bbox 1232 2300 1282 2340; x_wconf 88' lang='lat' dir='ltr'><strong>et</strong></span> <span class='ocrx_word' id='word_1_164' title='bbox 1322 2293 1534 2356; x_wconf 87' lang='lat' dir='ltr'><strong>angulus</strong></span> 
     </span>
     <span class='ocr_line' id='line_1_25' title="bbox 139 2361 1531 2431; baseline 0.003 -19"><span class='ocrx_word' id='word_1_165' title='bbox 139 2361 304 2423; x_wconf 86' lang='lat' dir='ltr'>KDV,</span> <span class='ocrx_word' id='word_1_166' title='bbox 328 2373 522 2413; x_wconf 85' lang='lat' dir='ltr'><strong>rectus:</strong></span> <span class='ocrx_word' id='word_1_167' title='bbox 547 2374 692 2413; x_wconf 87' lang='lat' dir='ltr'><strong>erunt</strong></span> <span class='ocrx_word' id='word_1_168' title='bbox 715 2366 862 2414; x_wconf 88' lang='lat' dir='ltr'><strong>etiam</strong></span> <span class='ocrx_word' id='word_1_169' title='bbox 886 2366 1039 2415; x_wconf 86' lang='lat' dir='ltr'><strong>latera</strong></span> <span class='ocrx_word' id='word_1_170' title='bbox 1061 2366 1178 2426; x_wconf 91' lang='lat' dir='ltr'><strong>AX,</strong></span> <span class='ocrx_word' id='word_1_171' title='bbox 1197 2367 1294 2415; x_wconf 91' lang='lat' dir='ltr'><strong>XD</strong></span> <span class='ocrx_word' id='word_1_172' title='bbox 1311 2368 1531 2431; x_wconf 84' lang='lat' dir='ltr'><strong>aequalia.</strong></span> 
     </span>
     <span class='ocr_line' id='line_1_26' title="bbox 139 2438 1533 2507; baseline 0.003 -19"><span class='ocrx_word' id='word_1_173' title='bbox 139 2438 230 2488; x_wconf 81' lang='lat' dir='ltr'><strong>Est</strong></span> <span class='ocrx_word' id='word_1_174' title='bbox 262 2448 427 2489; x_wconf 86' lang='lat' dir='ltr'><strong>autem</strong></span> <span class='ocrx_word' id='word_1_175' title='bbox 462 2440 553 2489; x_wconf 89' lang='lat' dir='ltr'><strong>TX</strong></span> <span class='ocrx_word' id='word_1_176' title='bbox 589 2440 739 2505; x_wconf 86' lang='lat' dir='ltr'><strong>dupla</strong></span> <span class='ocrx_word' id='word_1_177' title='bbox 761 2442 870 2490; x_wconf 86' lang='lat' dir='ltr'><strong>VX.</strong></span> <span class='ocrx_word' id='word_1_178' title='bbox 941 2442 1108 2492; x_wconf 79' lang='lat' dir='ltr'><strong>Quare</strong></span> <span class='ocrx_word' id='word_1_179' title='bbox 1147 2443 1239 2491; x_wconf 90' lang='lat' dir='ltr'><strong>DV</strong></span> <span class='ocrx_word' id='word_1_180' title='bbox 1276 2451 1351 2491; x_wconf 87' lang='lat' dir='ltr'><strong>est</strong></span> <span class='ocrx_word' id='word_1_181' title='bbox 1385 2443 1533 2507; x_wconf 88' lang='lat' dir='ltr'><strong>tripla</strong></span> 
     </span>
     <span class='ocr_line' id='line_1_27' title="bbox 139 2513 1532 2582; baseline 0.003 -19"><span class='ocrx_word' id='word_1_182' title='bbox 139 2513 251 2573; x_wconf 87' lang='lat' dir='ltr'><strong>Vx,</strong></span> <span class='ocrx_word' id='word_1_183' title='bbox 287 2515 341 2564; x_wconf 88' lang='lat' dir='ltr'><strong>id</strong></span> <span class='ocrx_word' id='word_1_184' title='bbox 376 2524 451 2565; x_wconf 84' lang='lat' dir='ltr'><strong>est</strong></span> <span class='ocrx_word' id='word_1_185' title='bbox 489 2517 808 2580; x_wconf 84' lang='lat' dir='ltr'><strong>sesquialtera</strong></span> <span class='ocrx_word' id='word_1_186' title='bbox 844 2518 956 2577; x_wconf 91' lang='lat' dir='ltr'><strong>DX,</strong></span> <span class='ocrx_word' id='word_1_187' title='bbox 992 2518 1043 2566; x_wconf 92' lang='lat' dir='ltr'><strong>id</strong></span> <span class='ocrx_word' id='word_1_188' title='bbox 1077 2527 1153 2567; x_wconf 90' lang='lat' dir='ltr'><strong>est</strong></span> <span class='ocrx_word' id='word_1_189' title='bbox 1186 2519 1436 2582; x_wconf 86' lang='lat' dir='ltr'><strong>tangentis</strong></span> <span class='ocrx_word' id='word_1_190' title='bbox 1467 2524 1532 2567; x_wconf 91' lang='grc'><strong>30</strong></span> 
     </span>
     <span class='ocr_line' id='line_1_28' title="bbox 139 2590 1529 2654; baseline 0.001 -14"><span class='ocrx_word' id='word_1_191' title='bbox 139 2590 396 2654; x_wconf 80' lang='lat' dir='ltr'><strong>graduum.</strong></span> <span class='ocrx_word' id='word_1_192' title='bbox 468 2591 618 2641; x_wconf 77' lang='lat' dir='ltr'><strong>Quod</strong></span> <span class='ocrx_word' id='word_1_193' title='bbox 662 2601 770 2642; x_wconf 86' lang='lat' dir='ltr'><strong>erat</strong></span> <span class='ocrx_word' id='word_1_194' title='bbox 816 2593 1266 2643; x_wconf 88' lang='lat' dir='ltr'><strong>demonstrandum.</strong></span> <span class='ocrx_word' id='word_1_195' title='bbox 1342 2593 1529 2642; x_wconf 89' lang='lat' dir='ltr'><strong>Eadem</strong></span> 
     </span>
     <span class='ocr_line' id='line_1_29' title="bbox 138 2666 1529 2733; baseline 0.001 -19"><span class='ocrx_word' id='word_1_196' title='bbox 138 2666 409 2730; x_wconf 78' lang='lat' dir='ltr'><strong>propositio</strong></span> <span class='ocrx_word' id='word_1_197' title='bbox 451 2666 819 2716; x_wconf 83' lang='lat' dir='ltr'><strong>demonstratur</strong></span> <span class='ocrx_word' id='word_1_198' title='bbox 859 2667 1016 2716; x_wconf 88' lang='lat' dir='ltr'><strong>Elem.</strong></span> <span class='ocrx_word' id='word_1_199' title='bbox 1054 2669 1136 2716; x_wconf 87' lang='lat' dir='ltr'><strong>xiv</strong></span> <span class='ocrx_word' id='word_1_200' title='bbox 1171 2669 1235 2717; x_wconf 88' lang='lat' dir='ltr'><strong>ad</strong></span> <span class='ocrx_word' id='word_1_201' title='bbox 1270 2684 1410 2733; x_wconf 89' lang='lat' dir='ltr'><strong>prop.</strong></span> <span class='ocrx_word' id='word_1_202' title='bbox 1439 2673 1529 2716; x_wconf 88' lang='lat'><strong>18:</strong></span> 
     </span>
     <span class='ocr_line' id='line_1_30' title="bbox 141 2738 1530 2807; baseline 0.002 -18"><span class='ocrx_word' id='word_1_203' title='bbox 141 2738 230 2788; x_wconf 79' lang='lat' dir='ltr'><strong>sed</strong></span> <span class='ocrx_word' id='word_1_204' title='bbox 250 2741 364 2804; x_wconf 86' lang='lat' dir='ltr'><strong>qnia</strong></span> <span class='ocrx_word' id='word_1_205' title='bbox 384 2741 579 2806; x_wconf 85' lang='lat' dir='ltr'><strong>longior</strong></span> <span class='ocrx_word' id='word_1_206' title='bbox 614 2750 688 2791; x_wconf 77' lang='lat' dir='ltr'><strong>est</strong></span> <span class='ocrx_word' id='word_1_207' title='bbox 712 2759 859 2807; x_wconf 88' lang='lat' dir='ltr'><strong>quam</strong></span> <span class='ocrx_word' id='word_1_208' title='bbox 882 2751 939 2792; x_wconf 90' lang='lat' dir='ltr'><strong>ut</strong></span> <span class='ocrx_word' id='word_1_209' title='bbox 972 2744 1088 2792; x_wconf 87' lang='lat' dir='ltr'><strong>huic</strong></span> <span class='ocrx_word' id='word_1_210' title='bbox 1121 2743 1231 2792; x_wconf 88' lang='lat' dir='ltr'><strong>loco</strong></span> <span class='ocrx_word' id='word_1_211' title='bbox 1256 2744 1530 2802; x_wconf 86' lang='lat' dir='ltr'><strong>conveniat,</strong></span> 
     </span>
     <span class='ocr_line' id='line_1_31' title="bbox 141 2813 1332 2883; baseline 0.005 -21"><span class='ocrx_word' id='word_1_212' title='bbox 141 2813 333 2878; x_wconf 80' lang='lat' dir='ltr'><strong>legatur</strong></span> <span class='ocrx_word' id='word_1_213' title='bbox 348 2817 411 2866; x_wconf 85' lang='lat' dir='ltr'><strong>ab</strong></span> <span class='ocrx_word' id='word_1_214' title='bbox 433 2833 493 2866; x_wconf 91' lang='lat' dir='ltr'><strong>eo</strong></span> <span class='ocrx_word' id='word_1_215' title='bbox 517 2813 602 2882; x_wconf 79' lang='lat' dir='ltr'><strong>qui</strong></span> <span class='ocrx_word' id='word_1_216' title='bbox 625 2818 871 2867; x_wconf 88' lang='lat' dir='ltr'><strong>dubitabit</strong></span> <span class='ocrx_word' id='word_1_217' title='bbox 894 2819 956 2868; x_wconf 88' lang='lat' dir='ltr'><strong>de</strong></span> <span class='ocrx_word' id='word_1_218' title='bbox 978 2819 1187 2868; x_wconf 81' lang='lat' dir='ltr'><strong>veritate</strong></span> <span class='ocrx_word' id='word_1_219' title='bbox 1211 2821 1332 2883; x_wconf 87' lang='lat' dir='ltr'><strong>ejus.</strong></span> 
     </span>
     <span class='ocr_line' id='line_1_32' title="bbox 213 2890 1527 2958; baseline 0.002 -20"><span class='ocrx_word' id='word_1_220' title='bbox 213 2890 397 2940; x_wconf 79' lang='lat' dir='ltr'><strong>Coroll.</strong></span> <span class='ocrx_word' id='word_1_221' title='bbox 432 2891 523 2941; x_wconf 88' lang='lat' dir='ltr'><strong>Est</strong></span> <span class='ocrx_word' id='word_1_222' title='bbox 545 2909 664 2958; x_wconf 88' lang='lat' dir='ltr'><strong>ergo</strong></span> <span class='ocrx_word' id='word_1_223' title='bbox 687 2902 824 2942; x_wconf 86' lang='lat' dir='ltr'><strong>recta</strong></span> <span class='ocrx_word' id='word_1_224' title='bbox 847 2894 951 2954; x_wconf 90' lang='lat' dir='ltr'><strong>DV,</strong></span> <span class='ocrx_word' id='word_1_225' title='bbox 974 2895 1052 2943; x_wconf 84' lang='lat' dir='ltr'><strong>vel</strong></span> <span class='ocrx_word' id='word_1_226' title='bbox 1084 2894 1193 2954; x_wconf 89' lang='grc' dir='ltr'><strong>ΕΚ,</strong></span> <span class='ocrx_word' id='word_1_227' title='bbox 1217 2894 1366 2958; x_wconf 84' lang='lat' dir='ltr'><strong>tripla</strong></span> <span class='ocrx_word' id='word_1_228' title='bbox 1395 2892 1527 2941; x_wconf 85' lang='lat' dir='ltr'><strong>diffe-</strong></span> 
     </span>
    </p>
   </div>
  </div>
 </body>
</html>
