1982 3204
595 304 911 340 TRAcTA‘rus
938 304 1188 338 unricus.
1484 297 1581 339 229

197 418 284 468 sed
306 426 496 468 tantum
520 417 582 466 ad
608 418 663 475 C,
695 417 766 464 ita
793 423 849 464 ut
871 414 958 463 AC
980 415 1044 463 sit
1066 413 1267 477 aequalis
1293 413 1394 460 DB.
1465 415 1582 463 Pro-
1627 438 1738 464 nor.
1760 438 1830 464 vn.

197 494 348 543 ducta
385 503 521 542 reeta
549 493 652 548 DB,
689 493 777 540 fiat
819 491 915 539 DH
949 490 1151 554 aequalis
1188 496 1334 536 rectae
1365 489 1459 536 ΟΕ.
1530 491 1582 539 Si
1636 485 1823 507 ψ

195 569 348 635 igitur
369 569 583 619 medium
602 574 844 615 mutatum
868 582 967 614 non
987 572 1115 614 esset
1132 562 1327 628 quando
1346 565 1584 615 terminus

1087 689 1409 842 *DN
1441 736 1506 785 ²?

200 1932 323 1982 lucis
346 1934 390 1982 A
409 1944 710 1999 propagatus
734 1943 864 1984 esset
882 1933 946 1983 ad
968 1934 1025 1992 E,
1043 1932 1167 1981 alter
1185 1931 1422 1980 terminus
1445 1929 1586 1978 debe-

200 2017 279 2058 ret
313 2025 419 2057 esse
449 2010 500 2058 in
543 2011 625 2058 H:
661 2012 917 2059 immersus
956 2009 1140 2058 scilicet
1177 2008 1267 2056 sub
1297 2007 1444 2071 plano
1484 2005 1588 2064 ΕΙ),

202 2092 386 2149 quanta
409 2086 482 2134 &st
517 2086 750 2135 distantia
785 2085 985 2133 minima
1018 2084 1147 2132 inter
1168 2092 1405 2147 punctum
1439 2082 1485 2129 H
1514 2081 1590 2129 vel

203 2157 246 2208 C
265 2168 316 2208 et
337 2169 522 2209 rectam
551 2161 655 2221 ΕΙ),
689 2161 766 2209 vel
801 2162 932 2209 inter
966 2159 1172 2208 eandem
1202 2167 1387 2207 rectam
1419 2158 1506 2206 ED
1540 2166 1591 2205 et

202 2234 295 2284 sibi
337 2235 618 2300 parallelum
666 2237 758 2285 IH.
842 2235 1087 2285 Quoniam
1132 2250 1250 2282 vero
1302 2233 1592 2297 supponitur

203 2310 417 2359 medium
440 2313 532 2360 sub
565 2312 712 2376 plano
735 2312 822 2361 ΕΙ)
845 2311 1000 2359 rarius
1023 2327 1168 2375 quam
1188 2309 1320 2374 quod
1353 2325 1515 2372 supra,
1540 2317 1591 2356 et

203 2388 464 2450 propagari
498 2397 688 2436 motum
725 2387 914 2436 facilius
946 2387 999 2434 in
1021 2402 1132 2434 raro
1155 2401 1301 2450 quam
1335 2385 1385 2432 in
1409 2384 1588 2432 denso:

206 2466 327 2509 tunc
348 2462 546 2525 quando
577 2463 720 2512 lineae
751 2462 874 2511 lucis
904 2461 1142 2510 terminus
1166 2462 1211 2509 A
1234 2469 1309 2508 est
1331 2461 1382 2508 in
1406 2461 1462 2518 E,
1498 2459 1592 2507 erit

206 2533 333 2584 alter
354 2538 590 2587 terminus
614 2539 657 2587 B
678 2539 810 2587 ultra
839 2539 906 2596 H,
930 2545 1053 2602 puta
1084 2537 1137 2585 in
1172 2537 1227 2593 L,
1251 2537 1506 2584 immersus
1539 2535 1591 2582 in

206 2609 422 2659 medium
444 2627 608 2661 rarum
632 2622 817 2677 quanta
848 2620 923 2661 est
959 2612 1194 2660 distantia
1227 2612 1429 2659 minima
1464 2611 1592 2658 inter

207 2692 393 2735 rectam
427 2686 516 2735 El)
538 2696 590 2736 et
621 2689 714 2737 sibi
744 2688 1028 2752 parallelam
1052 2687 1152 2746 GL,
1174 2686 1270 2734 hoc
1302 2694 1376 2734 est
1398 2686 1592 2749 quanti-

207 2768 311 2809 tate
331 2760 471 2809 liueoe
492 2762 606 2812 LM.
672 2764 835 2812 Ducta
864 2763 1015 2828 igitur
1037 2770 1174 2811 recta
1198 2779 1226 2810 a
1250 2770 1435 2826 puncto
1466 2762 1505 2809 E
1529 2760 1593 2808 ad

207 2843 395 2885 rectam
418 2836 524 2895 GL,
546 2837 716 2887 eadem
751 2838 1059 2903 longitudine
1084 2854 1182 2902 qua
1203 2846 1279 2886 est
1308 2837 1438 2885 linea
1471 2836 1594 2884 lucis

208 2909 298 2960 AB
323 2910 401 2960 vel
436 2911 539 2972 OD,
561 2929 672 2977 quoe
701 2914 765 2964 sit
793 2914 888 2973 EF,
919 2914 1018 2963 erit
1047 2915 1150 2978 jam
1187 2913 1267 2961 EF
1302 2912 1434 2961 linea
1471 2910 1593 2959 lueis
