1982 3204
149 410 240 436 CAP.
261 410 301 436 X.

131 456 322 476 κ--ψ-..κ

97 494 208 522 Iterum
221 494 257 522 de
266 494 365 522 solidis

97 541 127 566 et
148 546 248 566 eorum
267 547 366 576 super-

98 580 220 609 ficiebus
233 583 289 610 etc.

386 274 476 318 196
679 283 966 317 PmNcu’lA
995 283 1061 316 ET
1089 279 1457 315 PROBLEMATA

380 395 590 459 cylindri
621 411 838 443 convexa
868 395 999 443 facta
1031 395 1094 442 sit
1125 410 1154 441 a
1182 394 1447 456 perimetro
1485 391 1654 439 circuli
1687 388 1772 453 qui

383 479 456 520 est
480 471 687 536 cylindri
710 472 840 519 basis
866 477 1098 534 operante
1128 469 1461 516 uniformiter:
1499 467 1539 514 si
1569 466 1774 529 perime-

382 555 459 596 ter
477 563 583 610 quae
601 547 664 594 sit
688 546 837 609 dupla
859 545 1110 609 perimetri
1134 545 1278 601 basis,
1304 544 1522 607 ejusdem
1540 542 1774 604 temporis

383 623 586 671 dimidio
632 622 828 686 quidem
870 630 1113 684 operetur,
1158 620 1358 667 dimidio
1400 627 1561 667 autem
1601 626 1774 675 cesset,

383 698 562 746 efficiet
602 697 908 755 tantundem,
947 713 1034 760 per
1075 696 1275 743 Lemma
1311 694 1605 758 praecedens.
1678 691 1777 740 Sed

383 773 645 838 perimeter
664 772 833 820 circuli
852 773 992 835 cujus
1011 771 1175 819 radius
1199 778 1273 818 est
1297 769 1405 826 HG,
1431 769 1580 833 dupla
1603 775 1678 816 est
1695 783 1776 831 pe-

385 849 587 897 rimeter
607 849 779 896 baseos
816 847 927 896 BC:
965 856 1014 895 et
1050 847 1260 894 circulus
1294 847 1353 893 ab
1380 844 1474 894 HG
1506 846 1564 892 fit
1588 860 1616 891 a
1639 843 1777 891 radio

387 923 482 974 HG
505 923 680 987 aequali
705 922 787 972 BC
826 930 963 970 motu
1001 922 1245 980 circulari,
1287 921 1337 968 id
1375 928 1450 969 est
1486 919 1779 968 tantundem

386 1007 622 1064 quantum
647 1006 880 1062 operatur
902 1005 1140 1055 cessante,
1166 997 1413 1054 nimirum,
1436 1003 1674 1060 pereunte
1705 1011 1779 1042 ra-

386 1076 468 1123 dio
494 1074 575 1123 BC
601 1075 730 1122 inter
754 1072 1061 1137 operandum
1085 1089 1176 1135 pro
1201 1072 1392 1120 ratione
1417 1079 1696 1134 temporum
1729 1071 1780 1118 in

387 1167 484 1214 quo
509 1157 755 1213 operatur.
824 1149 914 1196 Est
939 1163 1056 1211 ergo
1082 1147 1292 1195 circulus
1328 1148 1466 1210 cujus
1505 1146 1668 1194 radius
1707 1153 1782 1194 est

389 1225 500 1285 HG,
525 1226 607 1289 qui
631 1223 929 1288 quadruplus
954 1233 1028 1271 est
1051 1223 1220 1271 circuli
1245 1223 1329 1286 qui
1365 1230 1440 1270 est
1464 1222 1671 1285 cylindri
1695 1223 1781 1269 ba-

388 1302 471 1359 sis,
513 1300 712 1364 aequalis
754 1298 1028 1362 superficiei
1069 1314 1300 1346 convexae
1337 1297 1546 1361 cylindri
1583 1296 1779 1346 ABCD.

391 1378 554 1440 Atque
576 1376 682 1423 haec
705 1374 883 1432 brevis,
909 1373 1053 1433 clara,
1080 1381 1130 1421 et
1152 1374 1388 1421 naturalis
1412 1381 1486 1421 est
1518 1372 1730 1420 deducta
1753 1389 1783 1420 a

387 1468 538 1499 causa
569 1451 808 1498 efficiente
842 1449 1226 1497 demonstratio:
1263 1449 1348 1497 sed
1373 1465 1469 1512 qua
1506 1449 1578 1497 uti
1610 1448 1782 1496 Archi·

390 1527 555 1575 medes
579 1542 679 1574 non
703 1525 878 1589 potuit,
904 1524 1159 1572 obtinente
1182 1532 1300 1573 tunc
1326 1524 1559 1588 temporis
1591 1532 1782 1572 senten-

389 1603 476 1661 tia,
515 1601 816 1650 considerari
851 1600 1028 1648 debere
1068 1600 1248 1648 lineam
1284 1616 1477 1664 semper
1507 1600 1610 1647 sine
1651 1599 1786 1648 omni

391 1678 649 1726 latitudine
667 1685 721 1725 ut
737 1677 886 1724 nihil:
913 1685 964 1724 et
986 1684 1246 1740 propterea
1264 1676 1570 1740 superficiem
1595 1692 1625 1724 a
1646 1683 1786 1723 motu

391 1754 534 1802 lineae
556 1753 691 1801 nullo
717 1752 861 1800 modo
882 1751 1090 1799 describi
1114 1768 1257 1815 posse
1278 1771 1289 1799 ι
1325 1751 1456 1799 unde
1482 1751 1785 1799 demonstra-

388 1830 526 1879 tione
551 1828 761 1876 ducente
777 1828 838 1876 ad
857 1827 1170 1891 impossibile,
1190 1827 1490 1890 longissima,
1507 1835 1559 1875 et
1582 1843 1612 1874 a
1636 1826 1786 1875 solius

395 1904 703 1952 Archimedis
726 1903 922 1966 ingenio
941 1903 1202 1966 superabili
1219 1910 1423 1966 propter
1441 1902 1646 1951 aliorum
1663 1918 1785 1966 prae-

391 1979 578 2044 judicia
601 1980 673 2027 uti
696 1988 894 2027 coactus
918 1987 1004 2026 est.

466 2070 550 2102 111.
590 2055 854 2118 Cylindrus
878 2062 1041 2102 rectus
1067 2054 1178 2102 coni
1203 2053 1326 2102 recti
1354 2053 1446 2101 sibi
1468 2053 1691 2117 inscripti
1715 2061 1789 2102 est

397 2131 588 2194 triplus.
660 2131 922 2194 Cylindrus
957 2130 1087 2177 enim
1120 2131 1176 2178 fit
1208 2146 1237 2177 a
1260 2137 1399 2177 motu
1434 2129 1667 2177 uniformi
1697 2128 1788 2176 cir-

396 2206 497 2254 culi
521 2206 619 2264 BC,
649 2205 838 2267 (circuli
865 2206 991 2263 dico,
1017 2221 1115 2252 non
1141 2204 1423 2268 perimetri),
1448 2204 1531 2267 qui
1555 2213 1630 2252 est
1660 2203 1789 2251 basis

399 2281 672 2329 communis
713 2288 818 2329 tum
855 2280 1063 2343 cylindri
1101 2279 1292 2338 ABCD,
1335 2287 1439 2327 tum
1481 2279 1593 2327 coni
1635 2278 1788 2326 BHC.

401 2356 602 2404 Habent
647 2363 809 2403 autem
857 2355 1026 2402 circuli
1067 2354 1306 2402 rationem
1347 2353 1645 2416 duplicatam
1685 2354 1790 2416 ejus

400 2447 547 2495 quam
569 2431 752 2479 habent
777 2446 944 2478 eorum
971 2429 1210 2477 diametri.
1261 2428 1483 2476 Circulus
1509 2428 1591 2476 BC
1610 2428 1674 2476 ad
1697 2429 1792 2477 cir-

389 2507 563 2556 ‹culum
589 2506 651 2555 ab
675 2514 748 2554 est
772 2506 822 2553 in
857 2504 1104 2567 duplicata
1140 2505 1329 2551 ratione
1363 2503 1590 2551 diametri
1622 2504 1705 2552 BC
1727 2503 1792 2552 ad

402 2581 694 2630 diametrum
719 2580 797 2639 ab,
823 2588 873 2628 et
898 2581 967 2627 sic
991 2580 1186 2643 ubique.
1257 2578 1482 2627 Circulus
1505 2587 1669 2627 autem
1687 2578 1791 2638 BC,

403 2656 520 2704 dum
543 2656 662 2705 facit
686 2672 864 2704 conum
888 2655 1044 2714 BHC,
1063 2655 1227 2719 perdit
1251 2655 1379 2703 inter
1404 2655 1707 2719 operandum
1731 2655 1792 2703 de

403 2748 489 2780 sua
512 2731 847 2796 magnitudine
870 2731 1051 2794 ubique
1069 2731 1212 2793 juxta
1231 2729 1528 2793 duplicatam
1550 2731 1793 2779 rationem

405 2807 631 2856 diametri
654 2806 738 2855 BC
763 2806 827 2855 ad
862 2806 1154 2854 diametrum
1177 2803 1255 2852 ab.
1326 2803 1439 2863 Sed,
1464 2812 1520 2853 ut
1542 2813 1792 2853 ostensum

405 2891 480 2931 est
503 2899 607 2947 cap.
627 2882 677 2942 ii,
695 2889 787 2931 art.
804 2887 850 2941 9,
870 2880 1064 2945 quando
1086 2879 1258 2929 mediae
1277 2880 1663 2944 proportionales
1687 2887 1792 2929 tum
