1982 3204
485 302 734 341 ALIQUOT
760 301 1117 336 GEOMETRICA
1144 302 1263 336 ETc.
1472 290 1561 341 197

170 411 470 474 'geometrice
494 420 598 461 tum
622 412 929 461 arithmetice
953 419 1210 461 sumuntur
1234 411 1429 474 ubique,
1458 427 1562 458 om·
1632 427 1723 453 cm>-
1744 427 1784 453 x·

173 499 262 533 nes
279 486 422 534 simul
437 499 549 536 sunt
564 488 765 537 eaedem.
814 488 980 536 Perdit
998 504 1116 550 ergo
1133 486 1193 534 de
1209 502 1298 534 sua
1315 486 1559 549 magnitu-
1579 511 1734 539 12,me
1745 510 1847 539 „uda

172 559 290 608 dine
305 562 515 611 circulus
535 563 638 621 BC,
658 563 774 612 dum
799 564 918 612 facit
936 579 1088 611 conus
1110 561 1243 610 BHC
1258 561 1378 609 duas
1393 562 1561 610 tertias
1577 560 1847 626 {2232ssqu

174 637 527 699 magnitudinis
551 655 651 687 suae
675 640 896 703 integrae.
965 639 1218 687 Quantum
1237 645 1402 684 autem
1427 653 1562 700 mag-

174 711 412 761 nitudinis
427 730 524 761 suae
541 714 719 778 perdit,
737 723 928 762 tantum
948 714 1009 761 ab
1024 728 1171 777 opere
1190 720 1362 761 cessat.
1399 712 1564 761 Faciet

175 802 294 850 ergo
310 789 505 837 tertiam
519 798 708 852 partem
725 791 828 853 ejus
844 789 975 853 quod
994 789 1192 837 fecisset
1209 787 1338 836 idem
1353 787 1564 854 circulus

176 861 262 909 BC
288 862 493 926 integer,
518 863 569 911 id
592 873 684 922 est,
710 864 908 912 tertiam
936 872 1126 927 partem
1156 864 1311 912 totius
1336 842 1560 926 cylindff.

170 936 266 985 Est
282 953 399 1001 ergo
418 954 569 986 conus
593 939 739 987 tertia
761 955 873 1003 pars
896 939 1120 1003 cylindri,
1141 938 1191 987 id
1209 949 1298 997 est,
1317 937 1566 1003 cylindrus

175 1011 287 1060 coni
309 1012 398 1060 sibi
423 1012 642 1076 inscripti
666 1024 742 1061 est
764 1014 952 1077 triplus.

259 1101 335 1134 lv.
382 1088 565 1135 Eadem
612 1089 846 1137 methodo
899 1089 1092 1137 ostendi
1143 1096 1307 1152 potest
1353 1088 1564 1152 spatium

170 1161 353 1226 spirale
373 1163 505 1226 quod
529 1180 559 1212 a
576 1165 734 1228 prima
757 1165 982 1212 circulari
1002 1165 1304 1213 revolutione
1328 1164 1563 1223 nascitur,

174 1252 280 1285 esse
304 1239 499 1286 tertiam
522 1249 712 1303 partem
737 1240 888 1303 ipsius
911 1240 1098 1288 circuli.

170 1351 175 1354 .
244 1311 431 1361 Centro
455 1314 516 1372 A,
543 1314 679 1363 radio
697 1315 784 1363 AB
802 1316 904 1378 (fig.
920 1316 987 1376 xi)
1007 1315 1313 1363 describatur
1335 1314 1564 1374 circulus,

169 1397 462 1453 seceturque
490 1405 522 1437 a
551 1391 698 1439 rectis
722 1390 824 1449 AC,
862 1391 970 1450 AD,
1006 1392 1092 1439 ΑΕ
1124 1399 1235 1448 etc„
1271 1391 1570 1440 octifariam.'

177 1463 382 1512 Secetur
422 1464 553 1513 idem
591 1466 954 1514 semidiameter
990 1466 1279 1524 octifariam,
1304 1468 1442 1530 cujus
1466 1482 1565 1514 una

171 1548 351 1588 *octava
366 1540 444 1588 Aa
462 1549 662 1590 notetur
684 1543 732 1590 in
753 1553 891 1591 recta
910 1542 1022 1589 AC:
1047 1542 1226 1590 deinde
1250 1541 1360 1590 duae
1378 1548 1564 1590 octavae

176 1615 229 1663 in
247 1614 384 1663 radio
399 1615 490 1664 AD
507 1617 572 1665 ad
585 1616 638 1665 b:
662 1626 764 1666 tres
789 1618 839 1666 in
863 1617 1001 1666 radio
1020 1618 1105 1665 ΑΕ
1123 1617 1187 1665 ad
1207 1634 1260 1665 c:
1283 1626 1493 1681 quatuor
1511 1617 1563 1665 in

176 1689 315 1738 radio
329 1690 414 1738 AF
427 1690 492 1739 ad
510 1691 568 1740 cl:
593 1692 806 1756 quinque
821 1693 871 1740 in
888 1692 1026 1740 radio
1043 1692 1133 1739 AG
1149 1691 1212 1740 ad
1229 1709 1278 1739 e:
1303 1708 1388 1740 sex
1410 1692 1461 1740 in
1485 1708 1564 1740 ra-

176 1764 260 1814 dio
277 1765 374 1814 ΑΗ
400 1766 464 1814 ad
466 1767 522 1830 f
520 1785 534 1814 ε
558 1776 744 1831 septem
763 1768 813 1816 in
832 1768 970 1816 radio
993 1768 1062 1816 AI
1081 1768 1143 1815 ad
1159 1785 1215 1833 g.
1253 1768 1564 1831 Intelligatur

169 1850 343 1890 autem
378 1858 775 1906 unamquamque
807 1852 1032 1892 octavam
1057 1844 1262 1892 divisam
1292 1859 1415 1903 esse,
1439 1844 1567 1892 sicut

168 1924 311 1966 totus
344 1917 525 1976 radius,
551 1919 602 1966 in
636 1928 801 1982 partes
836 1928 912 1968 tot
944 1920 1154 1983 aequales
1188 1920 1238 1968 in
1269 1929 1390 1983 quot
1412 1919 1565 1968 dividi

170 2008 319 2056 ‚posse
342 1993 647 2057 intelligibile
678 2003 774 2043 est:
812 1995 882 2043 ita
909 2004 964 2043 ut
999 2012 1204 2059 quarum
1239 1996 1452 2059 partium
1478 1995 1565 2043 AB

178 2075 253 2116 est
278 2075 325 2125 8,
351 2068 431 2116 Aa
456 2069 519 2117 sit
545 2075 585 2127 l,
604 2069 679 2117 Ab
694 2076 741 2127 2,
760 2070 834 2118 Ac
852 2077 899 2128 3,
920 2070 1003 2118 Ad
1021 2078 1068 2130 4,
1087 2071 1165 2119 Ae
1188 2077 1235 2130 5,
1261 2071 1401 2136 As6,
1421 2073 1503 2136 Ag
1518 2074 1565 2125 7.

174 2143 368 2192 Deinde
404 2144 709 2207 intelligatur
733 2144 930 2194 ductam
965 2161 1071 2194 esse
1104 2146 1284 2195 lineam
1317 2147 1565 2211 spiralem,

178 2220 318 2284 cujus
340 2220 534 2268 initium
558 2229 634 2268 est
659 2220 707 2269 A
730 2229 780 2269 et
802 2221 915 2269 finis
941 2222 997 2280 B,
1015 2237 1104 2286 per
1126 2223 1291 2270 omnia
1314 2230 1498 2286 puncta
1518 2239 1567 2279 a,

180 2293 227 2352 b,
249 2311 291 2355 c,
315 2294 365 2354 d,
388 2312 431 2354 e,
436 2295 494 2359 s,
516 2312 573 2360 g,
610 2296 667 2344 B.
736 2297 902 2360 Atque
937 2297 1044 2346 haec
1079 2298 1175 2346 erit
1209 2298 1339 2346 linea
1374 2298 1567 2362 spiralis

180 2368 425 2434 descripta
454 2371 516 2419 ab
540 2371 851 2421 Archimede.
919 2373 1291 2422 ostendendum
1325 2390 1443 2438 ergo
1478 2383 1568 2432 est,

171 2443 393 2507 swanum
418 2445 703 2494 conclusum
734 2447 796 2495 ab
819 2448 912 2496 hac
943 2448 1074 2497 linea
1104 2449 1271 2512 spirali
1302 2458 1354 2498 et
1375 2466 1405 2498 a
1427 2450 1567 2498 semi-

180 2516 422 2568 diametro
445 2519 536 2568 AB
561 2537 665 2569 esse
688 2522 886 2570 tertiam
914 2531 1104 2586 partem
1127 2523 1299 2572 circuli
1321 2523 1468 2573 BCD.

252 2593 495 2643 Quoniam
526 2596 736 2645 circulus
760 2596 951 2647 BCD-
977 2598 1134 2648 factus
1163 2608 1239 2648 est
1273 2616 1303 2648 a
1329 2599 1454 2648 radii
1476 2598 1567 2648 AB

174 2666 364 2731 integri
393 2669 829 2732 circumductione,
859 2681 910 2722 et
945 2673 1158 2737 spatium
1183 2675 1361 2739 spirale
1391 2676 1453 2724 ab
1484 2692 1568 2723 eo-

184 2741 298 2791 dem
322 2742 458 2792 radio
474 2745 560 2794 sed
584 2746 858 2807 deficiente,
878 2748 931 2796 id
954 2756 1029 2797 est
1046 2758 1269 2799 cessante
1293 2751 1474 2815 ubique
1493 2767 1569 2799 se-

183 2817 402 2865 cundum
452 2819 695 2872 rationem
746 2831 1025 2887 temporum
1070 2824 1368 2889 duplicatam
1389 2844 1402 2874 ε
1454 2834 1571 2874 sunt

179 2893 318 2942 enim
344 2893 523 2947 circuli?
544 2911 711 2947 omnes
732 2914 822 2963 per
843 2915 891 2959 a,
917 2898 963 2959 b,
985 2916 1031 2959 c,
1055 2900 1094 2949 d
1112 2910 1224 2961 etc„
1247 2901 1298 2950 in
1322 2901 1572 2966 duplicata
