1982 3204
405 305 468 348 84
621 313 916 349 nocrmNAE
942 312 1304 347 WALLISIANAE
1331 311 1402 345 DE
1428 312 1584 346 MOTU

127 442 386 470 monxan.
404 425 614 490 pretium
637 426 908 474 existimavi
933 440 1101 473 cavere
1125 439 1187 471 ne
1207 424 1503 472 haberentur
1519 439 1608 487 pro
1626 423 1783 487 philo-

405 500 577 564 sophia
599 501 898 566 Anglicana.
948 502 1112 548 Partes
1132 499 1367 548 doctrinae
1386 499 1447 547 de
1462 499 1608 548 Motu
1624 499 1785 548 adhuc

405 584 592 624 restant
616 577 737 636 duae,
763 593 870 640 quae
905 576 1135 623 dicuntur
1168 575 1257 622 sub
1282 574 1431 638 praelo
1467 590 1586 622 esse.
1655 575 1783 633 Illas,

405 659 662 715 antequam
698 652 748 699 in
783 652 938 699 lucem
973 649 1231 713 prodeant,
1255 650 1350 697 nisi
1373 649 1582 713 desipiat
1607 649 1786 697 iterum

405 727 710 791 ponderabit.
768 727 944 775 Nescio
968 734 1149 784 tamen,
1175 725 1486 789 quantumvis
1510 741 1567 772 ea
1589 724 1784 783 revisat,

406 819 467 850 an
505 803 762 851 emendare
797 804 932 860 sciat,
967 802 1114 849 homo
1148 801 1401 848 nominum
1427 800 1601 863 quibus
1630 800 1786 848 utitur

405 880 507 942 ipse
531 896 629 927 non
653 879 945 941 intelligens,
963 885 1018 925 ut
1042 877 1126 940 qui
1149 877 1356 940 scripsit,
1380 876 1431 923 in
1455 875 1674 923 Elencho
1698 891 1786 923 suo

406 955 681 1018 geometriae
701 953 989 1011 Hobbianoe,
1010 953 1250 1000 rationem
1265 958 1294 1000 2
1311 951 1374 999 ad
1395 958 1408 999 l
1438 967 1544 999 esse
1563 951 1784 1014 duplam;

406 1037 436 1078 3
462 1030 523 1077 ad
554 1035 594 1087 l,
619 1028 837 1091 triplam;
874 1034 902 1074 4
936 1027 998 1074 ad
1032 1034 1072 1086 l,
1098 1027 1433 1091 quadruplam.
1503 1027 1657 1075 Quasi
1687 1042 1788 1075 una

407 1105 510 1152 sola
532 1104 656 1152 ratio
680 1111 845 1166 posset
869 1118 971 1150 esse
996 1101 1145 1165 dupla
1160 1102 1237 1149 vel
1261 1101 1407 1165 tripla
1430 1109 1541 1161 etc„
1559 1102 1636 1149 vel
1658 1102 1785 1150 ratio

407 1186 434 1227 4
463 1179 524 1227 ad
549 1186 577 1227 3
602 1186 764 1242 posset
788 1194 893 1226 esse
916 1186 973 1226 ut
991 1178 1262 1241 quadrupla
1285 1177 1347 1225 ad
1371 1178 1567 1241 triplam
1592 1178 1786 1242 quanti-

406 1263 571 1313 tatem,
598 1262 646 1301 et
669 1254 821 1301 multa
844 1253 939 1301 alia
961 1269 1060 1301 non
1086 1253 1246 1300 minus
1269 1253 1343 1301 his
1367 1253 1577 1301 absurda
1599 1262 1650 1301 et
1666 1270 1786 1317 pue-

405 1330 526 1377 rilia.
587 1330 691 1377 Nec
716 1329 891 1375 mirum
916 1336 1006 1376 est.
1062 1328 1189 1376 Nam
1214 1328 1345 1376 circa
1368 1336 1561 1392 tempus
1584 1344 1680 1391 quo
1704 1328 1785 1376 ille

405 1405 618 1452 Euclidis
643 1405 895 1452 Elementa
919 1420 1003 1451 sex
1025 1404 1191 1467 priora
1213 1403 1493 1452 adolescens
1520 1404 1787 1468 percurris-

406 1487 492 1538 set,
539 1481 782 1528 invaserat
821 1481 1141 1543 geometriam
1186 1480 1508 1528 arithmeticae
1552 1495 1665 1543 pars
1703 1480 1788 1528 illa

406 1572 551 1618 quam
567 1563 745 1602 vocant
768 1556 1059 1619 Speciosam,
1078 1555 1265 1603 nullum
1289 1571 1387 1604 non
1405 1555 1656 1618 problema
1673 1571 1787 1619 pro-

404 1632 602 1678 mittens
637 1631 838 1679 solvere.
909 1630 1058 1694 Cujus
1094 1631 1328 1679 facilitate
1358 1632 1591 1694 juventus
1627 1619 1785 1694 capta,

402 1706 735 1770 festinansque
754 1707 816 1754 ad
839 1707 1062 1770 gloriam,
1082 1707 1157 1755 vel
1173 1706 1235 1755 ad
1259 1707 1574 1755 scientiarum
1597 1707 1786 1755 mathe-

403 1782 690 1829 maticarum
708 1782 980 1841 cathedras,
1006 1782 1182 1844 (facilis
1203 1783 1332 1830 enim
1350 1781 1472 1830 adeo
1493 1791 1583 1842 est,
1599 1789 1655 1830 ut
1678 1783 1785 1846 qui-

402 1857 521 1905 libet
543 1874 663 1920 puer
686 1859 970 1906 mercatoris
995 1859 1235 1906 theoriam
1259 1859 1362 1921 ejus
1384 1858 1661 1921 perdiscere
1684 1874 1784 1906 uno

404 1932 481 1979 die
505 1934 698 1996 possit),
725 1934 896 1982 relicta
923 1935 974 1982 in
1003 1934 1384 1982 demonstrando
1412 1934 1643 1982 methodo
1667 1950 1784 1998 geo-

402 2016 683 2068 metrarum,
713 2010 839 2073 (quae
863 2010 1125 2073 aliquando
1150 2010 1298 2073 longa
1320 2018 1410 2068 est,
1436 2017 1486 2058 et
1508 2010 1785 2058 vehementi

403 2084 551 2132 animi
569 2085 840 2134 intensione
856 2086 1121 2149 indigens),
1137 2086 1356 2134 contenti
1378 2086 1549 2143 titulis,
1563 2093 1784 2135 veterum

404 2158 840 2209 demonstrationes
891 2162 1020 2225 ipsas
1074 2177 1174 2209 non
1225 2162 1465 2225 legerunt.
1535 2160 1617 2209 Ad
1662 2177 1784 2224 quas

402 2242 564 2282 autem
609 2237 964 2299 propositiones
1017 2251 1246 2284 numeros
1303 2251 1414 2284 suos
1471 2236 1784 2299 applicabiles

398 2308 700 2371 judicabant,
748 2327 828 2360 eas
875 2319 1059 2360 temere
1104 2319 1154 2359 et
1198 2311 1484 2375 plerumque
1529 2311 1651 2359 falso
1696 2327 1785 2375 per

403 2399 628 2432 numeros
653 2385 1066 2445 demonstrabant,
1095 2386 1276 2434 nullam
1310 2387 1509 2435 omnino
1542 2387 1613 2434 rei
1637 2402 1785 2450 quam

404 2461 679 2508 tractabant
708 2462 942 2511 habentes
966 2463 1016 2510 in
1049 2462 1210 2510 animo
1234 2462 1409 2510 ideam.
1479 2462 1607 2510 Nolo
1633 2462 1784 2526 igitur

405 2535 521 2581 mihi
546 2537 763 2584 authoris
783 2538 941 2601 hujus,
961 2546 1047 2587 aut
1068 2545 1332 2602 geometrae
1351 2537 1599 2602 algebrici
1621 2539 1784 2602 cujus-

406 2625 610 2672 cunque,
633 2628 751 2675 opus
767 2613 815 2661 in
831 2622 1079 2677 posterum
1095 2614 1398 2662 transmittas
1412 2614 1782 2677 geometricum.

405 2683 539 2732 Vale.

878 2821 1310 2855 POSTSCRIPTUM.

405 2900 639 2949 ScmP'rA
682 2919 770 2951 nec
813 2905 929 2954 dum
970 2908 1117 2955 missa
1157 2922 1362 2955 censura
1400 2906 1571 2969 primae
1615 2907 1781 2970 partiS,

402 2977 567 3039 accepi
585 2994 615 3026 a
632 2985 679 3025 te
698 2989 886 3042 partem
906 2983 1184 3042 secundam,
1203 2983 1272 3032 ita
1290 2983 1543 3031 obscuram
1567 2991 1624 3031 ut
1647 2982 1782 3031 nullo
