1982 3204
130 403 243 430 PROP.
266 403 322 430 XI.

132 450 322 472 b--r—-ae

381 266 479 309 238
782 276 1100 310 TRACTATUS
1129 274 1378 309 OPTICUS.

379 403 667 451 progressus
698 387 819 436 lucis
846 388 927 435 BE
963 388 1013 434 in
1039 387 1268 444 densiori,
1295 386 1375 433 BF
1410 385 1460 432 in
1483 385 1672 443 rariori,
1697 385 1773 432 vel

380 463 708 511 mensurando
722 464 1191 527 perpendiculariter
1211 463 1274 510 IE
1295 462 1344 509 in
1365 461 1577 509 densiori.
1595 460 1772 519 medio,

380 537 462 588 GF
485 539 535 587 in
568 540 757 587 rariori.
829 540 951 587 Dico
976 555 1079 586 esse
1103 547 1160 585 ut
1195 538 1430 585 inclinata
1454 553 1514 584 ac
1537 536 1599 584 ad
1633 536 1774 583 incli-

378 623 547 662 natam
574 614 647 671 be,
671 615 747 662 vel
781 614 847 678 bf,
877 615 970 662 hoc
996 623 1069 662 est
1094 623 1148 661 ut
1171 612 1588 676 perpendicularis
1614 612 1692 660 K*
1710 611 1774 659 ad

378 690 831 753 perpendicularem
856 690 903 737 ie
929 691 1002 737 vel
1022 689 1109 753 gf,
1134 690 1184 736 in
1209 688 1527 735 inclinatione
1550 703 1648 735 una
1669 707 1679 734 :
1706 687 1775 735 ita

380 781 484 813 esse
508 766 793 814 inclinatam
819 766 903 813 AC
932 765 995 813 ad
1029 765 1316 812 inclinatam
1344 764 1424 811 BE
1459 764 1535 811 vel
1561 764 1654 821 BF,
1680 764 1773 811 hoc

380 849 472 899 est,
510 841 964 904 perpendicularem
988 842 1080 888 AK
1113 840 1177 888 ad
1217 839 1672 904 perpendicularem
1708 840 1772 887 IE

377 917 453 964 vel
478 917 573 975 GF,
599 918 650 964 in
669 917 839 965 altera.

448 993 695 1041 Quoniam
719 994 847 1041 enim
874 993 1004 1040 idem
1028 1001 1103 1041 est
1126 993 1340 1041 medium
1365 994 1416 1040 in
1442 1009 1539 1055 quo
1565 1008 1626 1039 ac
1651 998 1700 1039 et
1722 992 1773 1039 in

381 1084 478 1131 quo
504 1069 605 1124 AC,
624 1085 762 1131 aeque
780 1069 922 1116 velox
941 1077 1015 1116 est
1038 1077 1200 1117 motus
1225 1070 1285 1116 ab
1304 1086 1335 1116 α
1360 1068 1422 1116 ad
1443 1085 1469 1115 c
1493 1068 1686 1115 motus*
1710 1068 1773 1115 ab

380 1144 419 1190 A
449 1144 512 1191 ad
531 1144 585 1192 C.
654 1144 868 1207 Tempus
890 1160 1006 1207 ergo
1028 1161 1123 1207 quo
1149 1145 1206 1191 fit
1230 1152 1391 1191 motus
1415 1143 1477 1190 ad
1502 1159 1534 1190 a
1559 1131 1622 1190 ad
1647 1160 1674 1191 e
1698 1151 1774 1191 est

379 1219 443 1266 ad
467 1226 660 1282 tempus
680 1235 775 1282 quo
800 1220 856 1266 fit
878 1227 1038 1266 motus
1062 1220 1122 1266 ab
1148 1220 1193 1266 A
1216 1219 1279 1266 ad
1306 1219 1365 1276 C,
1389 1226 1445 1266 ut
1466 1226 1605 1266 recta
1627 1234 1687 1265 ac
1710 1217 1775 1265 ad

378 1302 565 1342 rectam
591 1294 691 1342 AC.
763 1294 1013 1350 Similiter,
1038 1295 1268 1357 quoniam
1300 1293 1432 1342 idem
1457 1300 1531 1341 est
1558 1293 1775 1340 medium

379 1371 430 1417 in
456 1386 552 1433 quo
578 1369 636 1417 be
659 1377 710 1417 et
733 1370 784 1417 in
810 1386 906 1432 quo
932 1370 1030 1428 BE,
1056 1386 1193 1433 aeque
1216 1370 1357 1417 velox
1383 1377 1458 1417 est
1490 1376 1652 1416 motus
1684 1385 1714 1415 a
1745 1367 1774 1415 b

378 1445 444 1493 ad
466 1463 494 1493 e
517 1454 566 1493 et
591 1461 619 1493 a
644 1445 684 1493 B
704 1445 768 1492 ad
790 1445 845 1492 E.
916 1445 1127 1508 Tempus
1152 1461 1269 1508 ergo
1290 1461 1385 1508 quo
1409 1446 1467 1492 fit
1491 1451 1655 1491 motus
1687 1459 1717 1491 a
1746 1442 1775 1490 b

378 1521 442 1569 ad
466 1538 493 1568 e
517 1528 591 1568 est
611 1521 673 1568 ad
698 1529 890 1583 tempus
906 1537 1002 1584 quo
1026 1522 1084 1568 fit
1107 1529 1270 1568 motus
1289 1537 1318 1568 a
1342 1521 1382 1567 B
1404 1520 1467 1568 ad
1489 1520 1546 1578 E,
1567 1526 1622 1566 ut
1639 1526 1776 1566 recta

380 1597 437 1645 be
459 1597 523 1645 ad
545 1605 733 1645 rectam
759 1597 855 1645 BE.
930 1596 1028 1645 Sed
1052 1605 1245 1661 tempus
1269 1613 1364 1660 quo
1389 1597 1447 1644 fit
1479 1603 1644 1643 motus
1683 1611 1712 1642 a
1746 1593 1775 1641 b

378 1673 443 1721 ad
466 1690 508 1732 e,
533 1673 718 1736 aequale
743 1681 819 1720 est
842 1672 1052 1735 tempori
1076 1689 1172 1736 quo
1195 1673 1252 1720 fit
1277 1679 1438 1720 motus
1464 1672 1524 1719 ab
1558 1686 1591 1718 a
1631 1669 1695 1718 ad
1731 1686 1774 1718 e.

380 1749 522 1807 Item,
546 1757 740 1812 tempus
773 1765 870 1812 quo
903 1749 959 1796 fit
994 1757 1156 1796 motus
1179 1765 1209 1796 a
1238 1748 1279 1795 B
1303 1748 1368 1796 ad
1398 1748 1454 1805 E,
1479 1746 1666 1810 aequale
1699 1753 1775 1793 est

379 1825 590 1888 tempori
619 1841 715 1887 quo
748 1825 806 1871 fit
838 1831 1000 1871 motus
1037 1824 1099 1872 ab
1124 1824 1167 1873 A
1193 1823 1256 1871 ad
1282 1823 1337 1871 C.
1405 1822 1619 1885 Tempus
1656 1836 1774 1884 ergo

378 1917 475 1964 quo
498 1901 555 1947 fit
578 1909 741 1947 motus
765 1900 825 1948 ab
851 1916 882 1946 α
906 1899 970 1947 ad
993 1915 1037 1957 e,
1060 1907 1137 1947 est
1160 1899 1221 1947 ad
1246 1907 1439 1962 tempus
1463 1914 1559 1962 quo
1584 1897 1641 1944 fit
1665 1913 1771 1944 mo-

379 1984 458 2024 tus
482 1977 543 2023 ab
569 1976 613 2023 A
637 1976 697 2023 ab
719 1975 772 2033 C,
798 1983 851 2023 ut
874 1982 1010 2023 recta
1034 1974 1090 2022 be
1109 1974 1171 2023 ad
1195 1983 1383 2022 rectam
1408 1974 1506 2021 BE.
1576 1973 1667 2020 Est
1688 1988 1771 2020 au-

379 2060 480 2100 tem
504 2067 650 2114 supra
674 2058 939 2108 ostensum,
963 2058 1155 2113 tempus
1187 2058 1349 2098 motus
1374 2050 1436 2097 ab
1461 2066 1493 2096 a
1516 2048 1580 2096 ad
1603 2065 1646 2106 c,
1671 2063 1775 2096 esse

378 2127 442 2175 ad
465 2135 658 2190 tempus
683 2135 845 2174 motus
870 2127 931 2174 ab
958 2128 998 2174 A
1026 2126 1088 2174 ad
1114 2126 1168 2185 C,
1189 2135 1246 2174 ut
1268 2133 1405 2173 recta
1428 2140 1490 2172 ae
1507 2123 1571 2172 ad
1589 2130 1775 2171 rectam

379 2202 484 2250 AC.
556 2203 614 2250 In
638 2201 809 2249 eadem
834 2217 951 2265 ergo
977 2210 1090 2249 sunt
1121 2202 1311 2249 ratione
1334 2218 1395 2248 ac
1420 2199 1484 2247 ad
1517 2199 1616 2258 AC,
1642 2206 1693 2246 et
1716 2197 1775 2246 be

379 2278 443 2326 ad
467 2278 565 2326 BE.
633 2277 818 2325 Eadem
850 2277 1083 2325 methodo
1119 2275 1443 2325 demonstrari
1473 2281 1635 2338 potest
1668 2289 1774 2322 esse

378 2363 437 2402 ut
459 2371 520 2402 ac
544 2353 606 2401 ad
630 2353 732 2411 AC,
756 2353 827 2400 ita
849 2351 915 2415 bf
935 2352 999 2400 ad
1023 2352 1118 2400 BF.
1189 2353 1341 2400 Porro
1365 2350 1594 2414 quoniam
1621 2356 1695 2397 est
1718 2357 1775 2398 ut

379 2447 454 2490 ae,
472 2430 565 2478 hoc
597 2437 670 2477 est
689 2427 769 2487 bd,
786 2428 849 2476 ad
875 2427 949 2486 be,
969 2428 1038 2475 ita
1062 2427 1168 2486 AC,
1187 2428 1279 2475 hoc
1305 2436 1380 2475 est
1399 2426 1503 2484 BD,
1523 2425 1586 2474 ad
1605 2425 1704 2484 BE,
1725 2432 1776 2474 et

378 2515 436 2554 ut
461 2505 530 2553 bd
549 2504 612 2553 ad
635 2504 702 2552 dh
725 2504 802 2551 vel
826 2503 906 2561 ak,
931 2511 1134 2567 propter
1158 2502 1527 2551 similitudinem
1551 2501 1775 2564 triangu-

377 2581 537 2629 lorum
559 2579 655 2628 bdlz
679 2586 728 2627 et
753 2578 846 2637 bei,
870 2578 941 2626 ita
965 2576 1022 2626 be
1046 2578 1109 2626 ad
1145 2578 1207 2635 ie,
1241 2586 1388 2641 atque
1413 2577 1563 2625 etiam
1593 2583 1651 2624 ut
1685 2575 1773 2624 BD

377 2656 441 2704 ad
465 2656 563 2704 DH
588 2655 666 2703 vel
685 2654 795 2712 ΑΚ,
816 2654 887 2702 ita
912 2654 993 2703 BE
1017 2654 1081 2702 ad
1106 2654 1170 2701 IE
1192 2672 1203 2701 ε
1242 2653 1336 2701 erit
1358 2660 1415 2701 ut
1440 2651 1504 2700 ak
1527 2651 1592 2700 ad
1616 2651 1677 2710 ie,
1703 2651 1774 2699 ita

378 2732 470 2780 AK
494 2731 558 2780 ad
582 2732 662 2780 IE.
731 2730 915 2779 Eadem
940 2746 1135 2794 quoque
1160 2730 1239 2778 via
1262 2728 1456 2778 ostendi
1480 2735 1644 2792 potest
1668 2742 1774 2775 esse

1012 2889 1034 2911 ¹*
1058 2889 1134 2928 Sic.
