1982 3204
0 2135 10 2151 ⁷⁴
0 1944 22 2096 Y‘fW'Y?-„s
15 1875 23 1892 ,..
18 1838 21 1839 ,
6 1714 22 1732 w*
17 1576 23 1611 ,,,

730 260 1173 297 nccnsssms‘ncA.
1552 258 1647 308 357

263 367 451 414 Nomine
473 369 707 415 Chaldaeis:
740 386 892 415 nomen
913 371 1152 415 venerabile
1174 372 1399 428 quondam,

322 434 388 479 Ut
409 451 568 493 magus,
591 444 640 480 ut
659 437 836 495 sapiens,
858 445 994 493 utque
1013 437 1346 482 mathematicus.

264 500 349 546 Sed
370 503 539 558 quando
558 511 727 560 gentem
751 504 968 547 Romanus
987 503 1147 547 vicerat
1166 504 1295 556 illam,

319 567 534 612 Niliacum
557 570 758 627 populum
779 570 1108 626 subdideratque
1127 570 1277 622 levem,
1475 573 1480 576 ’
1565 579 1649 618 290

261 633 455 678 Venerat
473 643 518 678 et
538 635 718 679 Romam
740 637 962 680 Chaldaeus
979 653 988 679 :
1021 644 1126 679 tunc
1145 636 1414 681 inhonestum
1462 641 1533 672 ''-

319 699 511 744 Chaldaei
532 717 699 752 nomen,
722 702 1055 759 Philosophique
1076 702 1174 745 fuit.

260 764 376 808 Nam
397 782 545 824 regum
566 777 722 811 mortes
741 769 893 819 audax,
915 768 1101 824 bellique
1120 767 1289 812 futuros

317 832 524 884 Eventus,
546 842 765 891 promptus
784 834 922 877 dicere
942 834 1055 877 solus
1075 841 1178 877 erat.

259 898 456 942 Perfidiae
476 899 624 956 eoeptis
643 900 887 950 audaeibus,
908 907 1038 955 atque
1058 900 1205 957 pericli

316 963 475 1015 Plenis,
497 980 612 1022 spem
634 966 783 1009 solitus
803 967 984 1010 vendere
1004 967 1117 1010 solus
1137 974 1241 1018 erat,

257 1029 469 1074 Meti-onis
488 1046 644 1082 suasor,
666 1040 797 1082 vates,
817 1032 987 1089 adjutor
1005 1039 1050 1075 et
1069 1033 1181 1075 idem

315 1094 542 1140 Chaldaeus
562 1113 727 1155 semper
745 1098 883 1155 turpis
902 1099 1055 1142 amoris
1076 1106 1178 1142 erat.

257 1162 527 1219 Astrologus,
548 1163 657 1214 leno,
680 1162 919 1215 Chaldaeus,
941 1164 1314 1222 philosophusque,

313 1228 347 1272 J
351 1229 506 1280 udaeus,
527 1231 721 1281 mendax,
742 1239 873 1287 atque
892 1231 1230 1282 mathematicus,
1560 1235 1646 1276 300

259 1293 508 1353 sortilegus,
529 1312 675 1348 vanus,
701 1297 913 1354 deceptor,
934 1298 1247 1373 veneficusque,

314 1360 503 1405 Nomina
521 1370 637 1406 certa
654 1364 760 1407 scias
780 1364 906 1407 unius
926 1379 1016 1407 esse
1036 1364 1143 1414 viri3

258 1426 400 1482 Quem
420 1428 559 1472 Roma
577 1445 699 1487 reges
718 1437 952 1487 potuerunt
970 1430 1125 1487 pellere
1146 1445 1270 1487 saepe,

314 1492 495 1537 Pulsum
515 1510 600 1538 non
619 1497 761 1552 potuit
782 1496 918 1538 Roma
936 1503 1081 1539 tenere
1101 1495 1225 1538 foras.

257 1561 344 1603 Soc.
376 1560 589 1612 Claudius,
612 1570 662 1605 ut
682 1563 807 1613 nosti,
830 1562 1102 1613 Pwlemaeus,
1123 1562 1200 1618 qui
1219 1561 1304 1605 suit
1323 1561 1476 1605 author

315 1626 466 1684 Magni
486 1628 636 1684 operis,
657 1628 830 1671 minime
850 1644 984 1671 vanus
1004 1628 1186 1671 habetur
1205 1628 1355 1671 homo:

256 1692 546 1736 Astronomus
566 1694 788 1750 priscoque
807 1702 853 1737 et
871 1702 1016 1737 nostro
1036 1702 1226 1751 tempore
1244 1694 1396 1744 clarus,

313 1759 395 1804 Ine
410 1761 674 1817 qenethliaooe
692 1761 886 1804 eonditor
904 1762 1007 1804 artis
1027 1768 1130 1804 erat.

255 1823 315 1876 Is,
335 1825 450 1881 quod
470 1833 680 1870 astrorum
700 1827 941 1884 dependent
960 1827 1103 1870 omnia
1119 1832 1245 1876 nutu,

311 1890 547 1935 Fortunam
567 1900 613 1935 et
631 1893 818 1936 sobolem
838 1892 985 1936 sideris
1003 1908 1107 1943 esse,
1137 1892 1272 1935 docet.
1559 1894 1644 1934 310

254 1957 328 2001 An
348 1958 491 2001 stellas
511 1965 677 2015 torpere
697 1965 822 2015 putas
842 1958 932 2002 sine
953 1958 1127 2009 viribus,
1147 1966 1224 2001 aut
1242 1957 1330 2002 vim

311 2023 358 2067 N
359 2040 416 2068 on
435 2025 583 2068 efferre
603 2025 706 2068 satis
725 2040 846 2082 posse
865 2026 1026 2082 putabo
1045 2041 1190 2068 suam:

256 2088 367 2144 Quae
387 2097 530 2134 tamen
550 2090 604 2133 ad
622 2106 699 2134 nos
717 2105 856 2147 usque
876 2091 1021 2134 serunt
1039 2090 1178 2134 lucem
1198 2096 1329 2146 atque
1344 2089 1538 2141 calorem,

312 2155 374 2199 Et
393 2164 563 2200 mutant
582 2157 732 2200 faciem
752 2157 1086 2214 temperiemque
1106 2156 1215 2200 soli?

253 2220 390 2267 Nilne
408 2222 610 2279 frequens
630 2224 724 2267 coeli
743 2224 848 2267 facit
866 2223 1137 2267 observatio?
1194 2222 1354 2266 Nonne

313 2286 367 2332 Id
386 2289 501 2345 quod
521 2305 632 2346 saepe
652 2290 749 2340 fuit,
770 2305 846 2333 nos
866 2289 990 2333 docet
1009 2289 1053 2332 id
1072 2289 1190 2365 quod
1206 2288 1320 2332 erit?

255 2352 339 2396 Pr.
368 2353 483 2398 Non.
537 2354 630 2399 Scit
643 2356 757 2399 enim
777 2356 882 2412 quid
901 2355 995 2406 erit,
1016 2355 1098 2398 nisi
1117 2355 1193 2411 qui
1213 2354 1317 2398 sciat
1336 2353 1491 2405 omnia,
1504 2369 1639 2397 nemo.

314 2418 446 2464 Omni
464 2421 743 2465 contribuunt
761 2421 904 2465 omnia
922 2436 1106 2477 namque
1125 2421 1199 2465 rei.

208 2490 213 2494 '
257 2483 411 2529 Nescit
428 2486 744 2543 ephemeridum
762 2488 992 2538 consector,
1012 2494 1182 2544 postera
1200 2486 1306 2544 quid
1324 2485 1382 2530 sit

315 2550 518 2596 Anatum
534 2553 650 2597 dies:
681 2554 839 2611 decipit
858 2554 930 2598 ille
949 2554 1099 2598 sciens.
1556 2555 1643 2594 320

257 2613 320 2658 Et
337 2630 435 2660 oum
453 2618 644 2674 praedicit
661 2619 772 2663 mala
790 2619 973 2677 publiea,
992 2619 1155 2678 cogitat
1172 2619 1246 2662 illa

316 2681 416 2736 Quo
434 2691 557 2740 pacto
575 2684 730 2736 facian
759 2685 916 2743 dignus
934 2692 980 2730 et
998 2679 1064 2729 est
1082 2684 1266 2741 laqueo&

619 2814 631 2838 ¹
656 2815 765 2862 [Vide
782 2816 999 2853 sturmu
1018 2817 1177 2865 Angliee,
1190 2828 1224 2863 p.
1239 2815 1291 2861 9.]
