1982 3204
0 2899 7 2906 ⁴
0 1974 25 2827 ammaum-mmm{iffzstm-vwwwes-vwv
10 1926 11 1929 „
4 1882 7 1884 ⁴
0 1822 9 1854 .-,
2 1716 5 1717 ¹

560 315 674 349 Lux
702 314 1126 358 munzun-icas,
1444 308 1536 352 133

146 423 294 471 tertia
317 425 709 487 proportionaliS,
733 433 865 474 secat
887 440 1055 473 arcum
1078 425 1164 472 BD
1183 441 1331 489 supra
1352 435 1534 476 rectam
1554 447 1820 476 com-nomn·

147 498 216 547 Ζι-
238 499 289 547 in
313 499 364 548 d.
436 500 555 549 Inde
595 502 725 549 enim
766 501 988 565 sequitur
1030 501 1112 548 DZ
1154 501 1392 550 minorem
1432 520 1537 552 esse
1608 503 1673 529 ⁸¹³
1693 502 1780 556 ¹¹¹⁶.

147 584 359 639 quatuor
392 577 574 640 quintis
608 577 879 626 altitudinis
910 576 1135 641 quadrati
1160 577 1309 626 totius
1333 576 1535 628 ABCD:

149 659 199 699 et
221 651 429 715 proinde
453 668 610 716 neque
633 662 845 716 quatuor
876 661 1035 700 rectas
1073 652 1175 710 DC,
1201 652 1302 711 DZ,
1329 654 1416 712 De,
1443 655 1536 710 Dk,

149 740 256 774 esse
290 727 522 776 continue
556 727 961 791 proportionales,
996 743 1158 792 neque
1190 729 1483 791 quadratum
1509 747 1539 777 a

150 802 241 851 DY
276 803 462 866 aequale
499 819 603 851 oese
637 803 899 866 quadranti
925 803 1076 851 ABD.
1147 804 1394 852 Incumbit
1418 821 1537 868 ergo

149 877 246 926 illis
269 878 352 941 qui
374 878 480 926 haec
503 878 751 926 Wallisius
775 878 1016 926 sustinere
1039 878 1227 937 volunt,
1252 879 1468 927 indicare
1488 879 1539 929 a„

149 951 649 1001 demonstrationibus
673 953 794 1001 meis
816 961 1119 1016 assumptum
1143 954 1342 1017 aliquod
1363 954 1541 1002 falsum

150 1026 230 1076 vel
242 1028 640 1090 consequentiam
656 1027 984 1091 illegitimam:
1001 1036 1052 1075 et
1066 1028 1203 1087 mihi,
1212 1029 1263 1076 in
1278 1031 1540 1093 assumptis

150 1110 201 1151 et
222 1103 582 1166 consequentiis
605 1102 827 1151 Wallisii.
884 1103 1082 1167 Alioqui
1106 1105 1236 1152 enim
1261 1105 1402 1152 finire
1426 1121 1543 1154 con-

149 1178 438 1227 troversiam
460 1179 759 1242 impossibile
783 1188 927 1226 esset.

218 1253 277 1302 In
301 1253 801 1301 demonstrationibus
833 1270 953 1318 ergo
986 1255 1106 1303 meis
1134 1264 1439 1320 assumptum
1463 1256 1542 1304 vel

151 1327 419 1377 illationem
465 1329 639 1377 falsam
685 1329 913 1377 ostendat
960 1331 1236 1395 quicunque
1276 1339 1456 1395 potest,
1492 1340 1545 1380 et

146 1404 350 1468 quando
373 1405 568 1453 libitum
591 1414 693 1454 est:
730 1421 822 1467 ego
846 1406 1052 1465 interea,
1073 1415 1334 1470 postquam
1361 1407 1542 1455 doctri·
1559 1417 1569 1423 s

148 1496 268 1529 nam
290 1480 419 1529 hanc
437 1482 606 1544 paucis
623 1481 1038 1545 propositionibus
1058 1483 1266 1545 amplius
1284 1484 1546 1531 confirma-

153 1556 323 1615 verim,
332 1556 571 1620 principia
584 1557 707 1604 falsa
724 1573 834 1621 quae
850 1558 1030 1605 suntin
1044 1558 1251 1606 Wallisii
1267 1559 1544 1622 objectione

155 1640 393 1694 quantum
439 1647 562 1695 opus
606 1641 683 1680 est
728 1632 971 1680 indicabo.
1039 1633 1313 1682 Ostendam
1361 1643 1545 1692 autem,

148 1707 331 1771 primo,
356 1707 682 1755 differentiam
706 1707 838 1755 inter
866 1717 1050 1755 rectam
1075 1716 1123 1756 et
1159 1710 1420 1757 maximam
1445 1725 1548 1757 me-

153 1782 346 1831 diarum
370 1782 578 1830 duarum
602 1783 731 1830 inter
753 1799 804 1831 se
833 1790 882 1830 et
918 1783 990 1831 sui
1016 1784 1284 1843 semissem,
1307 1785 1547 1847 aequalem

147 1873 262 1907 esse
284 1856 574 1906 differentiae
597 1858 726 1906 inter
759 1857 972 1906 mediam
1006 1858 1134 1907 inter
1158 1859 1279 1908 duas
1302 1867 1547 1908 extremas

147 1942 207 1983 -et
228 1933 496 1982 minimam.

146 2067 299 2118 Inter
330 2075 520 2117 rectam
561 2068 731 2117 datam
762 2075 813 2116 et
849 2068 1010 2133 ipsius
1047 2069 1294 2119 semissem
1332 2069 1550 2118 invenire

146 2161 158 2204 g
225 2144 351 2193 duas
396 2144 588 2192 medias
624 2144 1067 2209 proportionales:
1112 2152 1163 2194 et
1209 2146 1549 2194 demonstrare

147 2263 153 2269 .
223 2220 359 2286 quod
376 2219 666 2283 differentia
687 2220 818 2268 inter
839 2227 989 2269 totam
1011 2228 1063 2269 et
1086 2222 1347 2270 maximam
1370 2221 1550 2270 media-

224 2311 333 2344 rum
377 2294 584 2359 <equalis
629 2301 706 2343 est
750 2295 1046 2358 dgfferentiae
1082 2297 1213 2345 inter
1249 2297 1460 2346 mediam
1500 2302 1550 2344 et

146 2400 155 2407 -
225 2370 486 2419 minimam.

227 2461 339 2511 Sint
360 2461 491 2511 datae
514 2462 602 2510 AB
625 2470 677 2510 et
700 2462 787 2510 AC
818 2463 922 2527 (fig.
940 2463 1065 2525 viii),
1102 2473 1151 2512 et
1186 2465 1250 2512 sit
1286 2464 1370 2512 illa
1404 2464 1551 2527 hujus

149 2536 326 2601 dupla.
372 2538 656 2586 Inveniatur
677 2538 807 2586 inter
828 2538 936 2586 illas
958 2539 1120 2587 media
1138 2539 1240 2587 ΑΕ.
1287 2539 1394 2587 Fiat
1414 2540 1550 2587 BAI)

162 2612 369 2676 angulus
381 2621 561 2672 rectum,
578 2622 628 2661 et
643 2614 734 2662 AD
749 2614 949 2677 aequalis
967 2614 1078 2662 AB:
1092 2615 1425 2678 jungaturque
1446 2615 1551 2663 BD.

152 2685 346 2736 Centro
368 2687 430 2747 D,
455 2688 593 2737 radio
623 2689 729 2747 DB,
753 2689 1059 2738 describatur
1086 2706 1230 2739 arcus
1263 2691 1364 2739 Ba:
1406 2706 1552 2754 quem

166 2760 315 2809 ducta
336 2770 386 2810 et
407 2763 649 2826 producta
673 2764 758 2812 DE
781 2771 914 2813 secet
931 2765 982 2812 in
1001 2781 1048 2812 α.
1097 2765 1301 2814 Secetur
1317 2782 1459 2813 arcus
1481 2766 1554 2812 Ba

165 2836 218 2884 in
253 2845 352 2885 tres
383 2846 550 2901 partes
579 2839 807 2903 aequales,
839 2838 932 2898 Bb,
960 2839 1038 2898 hb,
1067 2839 1143 2888 ba.
1214 2841 1359 2889 Secet
1389 2848 1554 2888 autem

151 2919 304 2960 ‘secta
325 2911 402 2961 Db
415 2921 600 2963 rectam
614 2914 707 2963 AB
725 2915 776 2963 in
792 2931 835 2974 c,
853 2922 905 2964 et
929 2914 1005 2964 Dh
1022 2923 1207 2964 rectam
1222 2916 1424 2964 eandem
1451 2914 1551 2963 ini.
