1982 3204
361 249 456 292 396
927 263 1196 297 Hls'romA

417 370 536 427 Papa
556 386 670 423 suus,
692 372 849 429 populo
870 374 1168 430 conspiciente,
1187 374 1292 417 Leo.

357 435 454 478 Nec
474 436 597 480 facile
619 438 814 481 exultans
835 439 1016 495 populus
1037 455 1113 482 sua
1131 440 1288 496 gaudia
1309 441 1432 492 texit,

416 502 556 546 Corde
577 519 662 547 uno
682 520 802 562 reges
822 505 947 547 laetus
967 505 1122 548 habere
1142 506 1259 548 duos.

357 567 425 611 Ut
445 585 546 613 vero
566 570 694 627 capiti
715 571 826 628 regis
848 571 940 614 Leo
962 572 1082 628 Papa
1102 588 1299 615 coronam

416 636 638 692 Imposuit,
660 638 800 680 verbis
821 645 865 681 et
885 638 1105 680 benedixit
1125 638 1164 681 ei
1182 655 1190 680 :

356 701 485 744 Unus
506 709 550 745 et
569 703 676 745 alter
697 711 787 746 erat
808 703 883 759 qui
903 704 1015 746 clara
1036 720 1138 747 voce
1160 719 1274 747 nnus
1295 719 1387 747 DAT

413 768 550 819 Dixit,
571 769 789 820 fortuitus,
812 771 965 821 nescio,
987 786 1040 812 an
1061 771 1290 827 appositus.

354 834 482 878 Tunc
502 835 637 878 veluti
658 836 828 891 quando
849 836 1028 879 nimium
1050 836 1261 879 ferventia
1281 837 1399 894 ligna

413 902 538 944 Intus
558 917 669 945 saevo
690 902 839 945 ardent
859 903 971 959 igne,
993 903 1153 946 latente
1176 910 1317 946 tamen
1334 919 1345 953 ;

352 967 547 1010 Admota
567 968 706 1011 facula
725 969 939 1012 collucent
960 970 1100 1012 omnia
1120 969 1315 1020 flammis,

411 1033 627 1076 Monstrat
647 1041 692 1077 et
711 1035 902 1077 ardorem
923 1035 1054 1078 libera
1074 1035 1242 1077 flamma
1263 1051 1412 1078 suum:

354 1099 424 1142 Sic
445 1100 612 1157 vulgus,
634 1100 760 1143 simul
780 1116 828 1144 ac
849 1101 1048 1144 sensisset
1067 1103 1197 1144 verba
1217 1116 1330 1144 DEth
1350 1116 1458 1152 ΒΑΤ,

409 1165 602 1208 Vocibus
623 1166 809 1209 extensis
830 1180 922 1208 DAT
944 1180 1057 1208 nnus
1077 1182 1201 1209 omne
1222 1173 1358 1210 sonat.

350 1231 458 1275 Post
477 1232 569 1275 haec
592 1232 895 1276 Christicolum
915 1240 1138 1289 coeperunt
1158 1248 1290 1290 regna
1310 1233 1445 1277 videri

408 1298 515 1342 Esse
535 1299 635 1342 data
654 1316 679 1342 a
699 1299 830 1356 Papis
850 1299 1002 1347 omnia,
1019 1300 1117 1355 jure
1132 1299 1229 1342 Dei.

353 1364 438 1408 Sed
458 1381 543 1408 non
563 1365 782 1422 prospexit
802 1367 1026 1408 verborum
1047 1365 1371 1422 posteritatem¹,

408 1431 507 1474 Aut
527 1432 647 1488 parvi
667 1432 771 1475 fecit
791 1447 867 1475 rex
886 1447 1120 1488 generosus
1143 1447 1247 1474 eam.

352 1497 462 1552 Quae
483 1498 653 1541 tandem
674 1498 870 1554 neglecta
889 1498 934 1540 in
955 1498 1094 1555 legem
1117 1497 1286 1540 transiit
1306 1513 1400 1548 usu,

406 1565 467 1608 Et
486 1581 636 1622 regum
656 1565 759 1608 fecit
773 1565 872 1621 jura
893 1565 1032 1608 valere
1056 1580 1221 1621 parum.

350 1630 460 1686 Quae
483 1630 626 1675 Caroli
647 1631 810 1674 soboles
831 1638 1008 1674 conatur
1027 1631 1202 1674 reddere
1222 1630 1357 1682 firma,

404 1697 608 1748 Frustra3
641 1712 738 1739 nam
763 1697 903 1740 Oaesar
922 1697 983 1739 nil
1003 1697 1085 1739 nisi
1104 1711 1259 1739 nomen
1280 1703 1396 1739 erat:

346 1763 531 1815 Nomen,
553 1763 762 1814 amicitiis,
783 1763 990 1820 regnique
1011 1763 1156 1820 vigore
1175 1762 1355 1819 paterni,

404 1830 602 1888 Egregiis
622 1830 759 1881 factis,
780 1830 854 1873 vix
874 1837 1049 1873 tenuere
1069 1837 1224 1872 tamen.
1430 1886 1434 1889 .

346 1895 448 1939 Una
468 1902 720 1953 potestatem
743 1902 906 1952 partam
928 1911 1043 1938 nunc
1063 1911 1166 1938 cura
1185 1894 1398 1944 manebat,

403 1962 471 2006 Ut
491 1963 664 2019 quantis
684 1963 872 2005 colerent
891 1963 1053 2006 artibus
1074 1967 1186 2005 esset
1205 1976 1324 2017 opus.

345 2029 510 2080 Altera,
532 2044 585 2072 ne
606 2035 779 2085 possent
799 2044 875 2070 sua
889 2029 989 2084 jura
1008 2042 1227 2084 reposcere
1247 2041 1380 2084 reges.

402 2095 448 2138 Ν
451 2111 474 2139 e
493 2095 640 2153 populi
661 2101 870 2151 saperent,
891 2094 1018 2137 tertia
1039 2109 1141 2137 cura
1161 2093 1256 2136 fuit.

342 2163 462 2220 Ergo
482 2162 747 2206 sacerdotum
767 2167 1010 2204 statuerunt
1029 2176 1082 2204 ne
1103 2160 1199 2216 quis
1217 2159 1394 2203 haberet

401 2230 595 2274 Uxorem
615 2228 839 2286 propriam.
903 2227 988 2271 Sed
1009 2234 1195 2270 statuere
1215 2241 1348 2269 senes.

342 2297 427 2340 Sec.
461 2297 509 2338 A
529 2302 677 2352 stupro
697 2293 871 2338 veniens
891 2293 1032 2350 potuit
1053 2293 1264 2336 celebrare
1284 2291 1502 2335 sacerdos:

400 2363 447 2405 A
467 2361 636 2419 propria
656 2360 830 2404 veniens
850 2361 1030 2417 conjuge
1051 2374 1135 2402 non
1156 2358 1328 2415 potuit?

341 2430 421 2472 Pr.
454 2428 558 2471 Non
580 2443 665 2484 quo
687 2434 734 2470 tu
754 2426 858 2470 reris
879 2426 1017 2483 legem
1037 2425 1203 2468 tinxere
1223 2425 1375 2475 colore,

400 2495 484 2538 Sed
504 2494 579 2551 qui
599 2494 651 2537 de
675 2492 807 2555 Sacro
825 2491 981 2537 Codice
1002 2499 1196 2548 sumptus
1217 2497 1319 2534 erat.

341 2562 395 2606 In
415 2578 546 2619 regno
569 2560 766 2606 Christus
786 2558 950 2603 coelesti
970 2558 1073 2602 dicit
1095 2564 1252 2614 aperte,

399 2627 662 2685 Conjugium
681 2626 847 2670 nullum
866 2642 874 2667 :
909 2641 994 2669 non
1014 2624 1080 2669 vir
1099 2632 1144 2667 et
1164 2638 1272 2666 uxor
1293 2622 1389 2666 erit·

340 2695 553 2739 Omnibus
573 2700 618 2736 at
637 2693 758 2749 regni
779 2691 934 2735 sanctis
955 2690 1194 2734 haeredibus
1213 2689 1340 2745 hujus

396 2760 609 2818 Angelico
630 2759 760 2802 vitam
778 2758 919 2801 vivere
940 2772 1054 2800 more
1075 2756 1211 2799 datur.

815 2891 823 2914 ¹
855 2889 962 2932 [vide
989 2888 1260 2933 Gmssanwm]

1643 379 1662 418 1
1674 377 1756 422 760

1638 1038 1750 1080 1770

1632 1697 1745 1740 1780

1624 2358 1736 2400 1790
