<?xml version="1.0" encoding="UTF-8"?>
<!DOCTYPE html PUBLIC "-//W3C//DTD XHTML 1.0 Transitional//EN"
    "http://www.w3.org/TR/xhtml1/DTD/xhtml1-transitional.dtd">
<html xmlns="http://www.w3.org/1999/xhtml" xml:lang="en" lang="en">
 <head>
  <title>
</title>
<meta http-equiv="Content-Type" content="text/html;charset=utf-8" />
  <meta name='ocr-system' content='tesseract 3.04.00' />
  <meta name='ocr-capabilities' content='ocr_page ocr_carea ocr_par ocr_line ocrx_word'/>
</head>
<body>
  <div class='ocr_page' id='page_1' title='image "./operaphilosophic05hobbuoft/operaphilosophic05hobbuoft_0023.png"; bbox 0 0 1982 3204; ppageno 0'>
   <div class='ocr_carea' id='block_1_1' title="bbox 499 287 1551 332">
    <p class='ocr_par' dir='ltr' id='par_1_1' title="bbox 499 287 1551 332">
     <span class='ocr_line' id='line_1_1' title="bbox 499 287 1551 332; baseline -0.001 -2"><span class='ocrx_word' id='word_1_1' title='bbox 499 296 759 332; x_wconf 73' lang='lat' dir='ltr'><strong>Rosnrtm</strong></span> <span class='ocrx_word' id='word_1_2' title='bbox 788 295 1219 331; x_wconf 69' lang='lat' dir='ltr'><strong>Gssomn&#39;rmcum.</strong></span> <span class='ocrx_word' id='word_1_3' title='bbox 1495 287 1551 329; x_wconf 83' lang='lat'><strong>15</strong></span> 
     </span>
    </p>
   </div>
   <div class='ocr_carea' id='block_1_2' title="bbox 162 405 1553 546">
    <p class='ocr_par' dir='ltr' id='par_1_2' title="bbox 162 405 1553 546">
     <span class='ocr_line' id='line_1_2' title="bbox 229 405 1553 469; baseline 0.002 -16"><span class='ocrx_word' id='word_1_4' title='bbox 229 405 550 469; x_wconf 83' lang='lat' dir='ltr'><strong>Experiamur</strong></span> <span class='ocrx_word' id='word_1_5' title='bbox 573 407 775 455; x_wconf 89' lang='lat' dir='ltr'><strong>eandem</strong></span> <span class='ocrx_word' id='word_1_6' title='bbox 803 423 970 455; x_wconf 90' lang='lat' dir='ltr'><strong>rursus</strong></span> <span class='ocrx_word' id='word_1_7' title='bbox 1003 408 1288 460; x_wconf 85' lang='lat' dir='ltr'><strong>methodum</strong></span> <span class='ocrx_word' id='word_1_8' title='bbox 1314 409 1374 456; x_wconf 92' lang='lat' dir='ltr'><strong>ab</strong></span> <span class='ocrx_word' id='word_1_9' title='bbox 1406 409 1553 456; x_wconf 90' lang='lat' dir='ltr'><strong>hexa-</strong></span> 
     </span>
     <span class='ocr_line' id='line_1_3' title="bbox 162 481 756 546; baseline 0.005 -19"><span class='ocrx_word' id='word_1_10' title='bbox 162 496 294 544; x_wconf 85' lang='lat' dir='ltr'><strong>gono</strong></span> <span class='ocrx_word' id='word_1_11' title='bbox 319 481 383 528; x_wconf 80' lang='lat' dir='ltr'><strong>nd</strong></span> <span class='ocrx_word' id='word_1_12' title='bbox 407 492 756 546; x_wconf 79' lang='lat' dir='ltr'>pentagonum.</span> 
     </span>
    </p>
   </div>
   <div class='ocr_carea' id='block_1_3' title="bbox 1604 422 1797 450">
    <p class='ocr_par' dir='ltr' id='par_1_3' title="bbox 1604 422 1797 450">
     <span class='ocr_line' id='line_1_4' title="bbox 1604 422 1797 450; baseline -0.01 0"><span class='ocrx_word' id='word_1_13' title='bbox 1604 423 1717 450; x_wconf 74' lang='lat' dir='ltr'><strong>Pnox’.</strong></span> <span class='ocrx_word' id='word_1_14' title='bbox 1738 422 1797 449; x_wconf 86' lang='lat'>111.</span> 
     </span>
    </p>
   </div>
   <div class='ocr_carea' id='block_1_4' title="bbox 1606 467 1797 485">
    <p class='ocr_par' dir='ltr' id='par_1_4' title="bbox 1606 467 1797 485">
     <span class='ocr_line' id='line_1_5' title="bbox 1606 467 1797 485; baseline 0.005 -1"><span class='ocrx_word' id='word_1_15' title='bbox 1606 467 1797 485; x_wconf 51' lang='lat' dir='ltr'><strong>wd</strong></span> 
     </span>
    </p>
   </div>
   <div class='ocr_carea' id='block_1_5' title="bbox 1595 509 1807 547">
    <p class='ocr_par' dir='ltr' id='par_1_5' title="bbox 1595 509 1807 547">
     <span class='ocr_line' id='line_1_6' title="bbox 1595 509 1807 547; baseline -0.005 -10"><span class='ocrx_word' id='word_1_16' title='bbox 1595 511 1639 539; x_wconf 80' lang='lat' dir='ltr'><strong>De</strong></span> <span class='ocrx_word' id='word_1_17' title='bbox 1653 509 1807 547; x_wconf 73' lang='lat' dir='ltr'><strong>polygoni·</strong></span> 
     </span>
    </p>
   </div>
   <div class='ocr_carea' id='block_1_6' title="bbox 232 553 1782 616">
    <p class='ocr_par' dir='ltr' id='par_1_6' title="bbox 232 553 1782 616">
     <span class='ocr_line' id='line_1_7' title="bbox 232 553 1782 616; baseline 0.003 -13"><span class='ocrx_word' id='word_1_18' title='bbox 232 555 415 604; x_wconf 91' lang='lat' dir='ltr'><strong>Centro</strong></span> <span class='ocrx_word' id='word_1_19' title='bbox 442 557 501 614; x_wconf 88' lang='lat' dir='ltr'><strong>A,</strong></span> <span class='ocrx_word' id='word_1_20' title='bbox 533 558 895 606; x_wconf 84' lang='lat' dir='ltr'><strong>semidiametro</strong></span> <span class='ocrx_word' id='word_1_21' title='bbox 923 557 1029 616; x_wconf 81' lang='lat' dir='ltr'><strong>AB,</strong></span> <span class='ocrx_word' id='word_1_22' title='bbox 1055 557 1359 606; x_wconf 84' lang='lat' dir='ltr'>describatur</span> <span class='ocrx_word' id='word_1_23' title='bbox 1397 559 1554 607; x_wconf 86' lang='lat' dir='ltr'><strong>circu·</strong></span> <span class='ocrx_word' id='word_1_24' title='bbox 1593 553 1782 592; x_wconf 58' lang='lat' dir='ltr'><strong>&#39;&#39;³⁸⁰¹“‘bu‘</strong></span> 
     </span>
    </p>
   </div>
   <div class='ocr_carea' id='block_1_7' title="bbox 163 630 1560 1450">
    <p class='ocr_par' dir='ltr' id='par_1_7' title="bbox 163 630 1560 1450">
     <span class='ocr_line' id='line_1_8' title="bbox 163 630 1556 696; baseline 0.001 -17"><span class='ocrx_word' id='word_1_25' title='bbox 163 630 239 679; x_wconf 88' lang='lat' dir='ltr'><strong>lus</strong></span> <span class='ocrx_word' id='word_1_26' title='bbox 265 631 393 681; x_wconf 91' lang='lat' dir='ltr'><strong>BCD</strong></span> <span class='ocrx_word' id='word_1_27' title='bbox 414 651 424 679; x_wconf 72' lang='grc' dir='ltr'>ε</span> <span class='ocrx_word' id='word_1_28' title='bbox 461 642 513 680; x_wconf 88' lang='lat' dir='ltr'><strong>et</strong></span> <span class='ocrx_word' id='word_1_29' title='bbox 537 633 585 680; x_wconf 90' lang='lat' dir='ltr'><strong>in</strong></span> <span class='ocrx_word' id='word_1_30' title='bbox 612 633 1006 681; x_wconf 84' lang='lat' dir='ltr'><strong>circumferentia</strong></span> <span class='ocrx_word' id='word_1_31' title='bbox 1029 634 1134 696; x_wconf 88' lang='lat' dir='ltr'><strong>ejus</strong></span> <span class='ocrx_word' id='word_1_32' title='bbox 1158 650 1188 681; x_wconf 90' lang='lat' dir='ltr'><strong>a</strong></span> <span class='ocrx_word' id='word_1_33' title='bbox 1205 642 1389 696; x_wconf 91' lang='lat' dir='ltr'><strong>puncto</strong></span> <span class='ocrx_word' id='word_1_34' title='bbox 1416 634 1455 681; x_wconf 87' lang='lat' dir='ltr'>B</span> <span class='ocrx_word' id='word_1_35' title='bbox 1475 651 1556 696; x_wconf 89' lang='lat' dir='ltr'><strong>ap-</strong></span> 
     </span>
     <span class='ocr_line' id='line_1_9' title="bbox 164 707 1555 771; baseline 0.001 -16"><span class='ocrx_word' id='word_1_36' title='bbox 164 707 376 770; x_wconf 89' lang='lat' dir='ltr'><strong>plicetur</strong></span> <span class='ocrx_word' id='word_1_37' title='bbox 421 708 606 756; x_wconf 88' lang='lat' dir='ltr'><strong>chorda</strong></span> <span class='ocrx_word' id='word_1_38' title='bbox 651 707 756 762; x_wconf 93' lang='lat' dir='ltr'><strong>BD,</strong></span> <span class='ocrx_word' id='word_1_39' title='bbox 800 708 1000 771; x_wconf 85' lang='lat' dir='ltr'><strong>aequalis</strong></span> <span class='ocrx_word' id='word_1_40' title='bbox 1046 709 1407 757; x_wconf 84' lang='lat' dir='ltr'><strong>semidiametro</strong></span> <span class='ocrx_word' id='word_1_41' title='bbox 1450 709 1555 757; x_wconf 87' lang='lat' dir='ltr'><strong>AB.</strong></span> 
     </span>
     <span class='ocr_line' id='line_1_10' title="bbox 169 782 1558 848; baseline 0.001 -18"><span class='ocrx_word' id='word_1_42' title='bbox 169 782 327 831; x_wconf 90' lang='lat' dir='ltr'><strong>Ducta</strong></span> <span class='ocrx_word' id='word_1_43' title='bbox 349 798 466 845; x_wconf 86' lang='lat' dir='ltr'><strong>ergo</strong></span> <span class='ocrx_word' id='word_1_44' title='bbox 490 783 673 831; x_wconf 89' lang='lat' dir='ltr'><strong>chorda</strong></span> <span class='ocrx_word' id='word_1_45' title='bbox 698 782 787 831; x_wconf 89' lang='lat' dir='ltr'><strong>BD</strong></span> <span class='ocrx_word' id='word_1_46' title='bbox 811 785 906 832; x_wconf 89' lang='lat' dir='ltr'><strong>erit</strong></span> <span class='ocrx_word' id='word_1_47' title='bbox 937 783 1065 832; x_wconf 91' lang='lat' dir='ltr'><strong>latus</strong></span> <span class='ocrx_word' id='word_1_48' title='bbox 1090 784 1335 848; x_wconf 86' lang='lat' dir='ltr'><strong>hexagoni</strong></span> <span class='ocrx_word' id='word_1_49' title='bbox 1374 785 1424 833; x_wconf 89' lang='lat' dir='ltr'><strong>in</strong></span> <span class='ocrx_word' id='word_1_50' title='bbox 1464 785 1558 832; x_wconf 86' lang='lat' dir='ltr'><strong>cir·</strong></span> 
     </span>
     <span class='ocr_line' id='line_1_11' title="bbox 168 856 1521 922; baseline 0.001 -16"><span class='ocrx_word' id='word_1_51' title='bbox 168 858 280 906; x_wconf 91' lang='lat' dir='ltr'><strong>culo</strong></span> <span class='ocrx_word' id='word_1_52' title='bbox 302 873 391 922; x_wconf 89' lang='lat' dir='ltr'><strong>per</strong></span> <span class='ocrx_word' id='word_1_53' title='bbox 416 856 471 905; x_wconf 92' lang='lat' dir='ltr'><strong>B.</strong></span> <span class='ocrx_word' id='word_1_54' title='bbox 1518 919 1521 922; x_wconf 11' lang='grc' dir='ltr'>ἱ</span> 
     </span>
     <span class='ocr_line' id='line_1_12' title="bbox 235 927 1558 998; baseline 0.003 -19"><span class='ocrx_word' id='word_1_55' title='bbox 235 933 291 980; x_wconf 88' lang='lat' dir='ltr'><strong>In</strong></span> <span class='ocrx_word' id='word_1_56' title='bbox 316 931 676 980; x_wconf 77' lang='lat' dir='ltr'><strong>semidiametro</strong></span> <span class='ocrx_word' id='word_1_57' title='bbox 699 932 787 980; x_wconf 82' lang='lat' dir='ltr'><strong>AB</strong></span> <span class='ocrx_word' id='word_1_58' title='bbox 813 943 1035 982; x_wconf 88' lang='lat' dir='ltr'><strong>sumatur</strong></span> <span class='ocrx_word' id='word_1_59' title='bbox 1051 935 1152 992; x_wconf 90' lang='grc' dir='ltr'><strong>ΑΕ,</strong></span> <span class='ocrx_word' id='word_1_60' title='bbox 1174 951 1283 998; x_wconf 89' lang='lat' dir='ltr'><strong>quae</strong></span> <span class='ocrx_word' id='word_1_61' title='bbox 1304 935 1368 982; x_wconf 90' lang='lat' dir='ltr'><strong>sit</strong></span> <span class='ocrx_word' id='word_1_62' title='bbox 1386 935 1448 983; x_wconf 91' lang='lat' dir='ltr'><strong>ad</strong></span> <span class='ocrx_word' id='word_1_63' title='bbox 1468 927 1558 983; x_wconf 72' lang='lat' dir='ltr'><strong>AB</strong></span> 
     </span>
     <span class='ocr_line' id='line_1_13' title="bbox 169 1006 1559 1068; baseline 0.001 -12"><span class='ocrx_word' id='word_1_64' title='bbox 169 1016 224 1056; x_wconf 91' lang='lat' dir='ltr'><strong>ut</strong></span> <span class='ocrx_word' id='word_1_65' title='bbox 245 1013 274 1056; x_wconf 92' lang='lat'><strong>5</strong></span> <span class='ocrx_word' id='word_1_66' title='bbox 298 1006 360 1055; x_wconf 88' lang='lat' dir='ltr'><strong>ad</strong></span> <span class='ocrx_word' id='word_1_67' title='bbox 380 1012 437 1054; x_wconf 87' lang='lat'><strong>6:</strong></span> <span class='ocrx_word' id='word_1_68' title='bbox 473 1016 523 1054; x_wconf 91' lang='lat' dir='ltr'><strong>et</strong></span> <span class='ocrx_word' id='word_1_69' title='bbox 543 1017 713 1055; x_wconf 89' lang='lat' dir='ltr'><strong>centro</strong></span> <span class='ocrx_word' id='word_1_70' title='bbox 740 1007 912 1056; x_wconf 91' lang='lat' dir='ltr'><strong>eodem</strong></span> <span class='ocrx_word' id='word_1_71' title='bbox 938 1011 996 1068; x_wconf 91' lang='lat' dir='ltr'><strong>A,</strong></span> <span class='ocrx_word' id='word_1_72' title='bbox 1022 1010 1159 1058; x_wconf 89' lang='lat' dir='ltr'><strong>radio</strong></span> <span class='ocrx_word' id='word_1_73' title='bbox 1184 1010 1288 1067; x_wconf 87' lang='grc' dir='ltr'><strong>ΑΕ,</strong></span> <span class='ocrx_word' id='word_1_74' title='bbox 1314 1009 1559 1058; x_wconf 88' lang='lat' dir='ltr'><strong>describa-</strong></span> 
     </span>
     <span class='ocr_line' id='line_1_14' title="bbox 166 1083 1559 1149; baseline 0.001 -17"><span class='ocrx_word' id='word_1_75' title='bbox 166 1091 248 1132; x_wconf 89' lang='lat' dir='ltr'><strong>tur</strong></span> <span class='ocrx_word' id='word_1_76' title='bbox 277 1083 487 1131; x_wconf 87' lang='lat' dir='ltr'><strong>circulus</strong></span> <span class='ocrx_word' id='word_1_77' title='bbox 524 1083 662 1132; x_wconf 87' lang='lat' dir='ltr'><strong>EFG.</strong></span> <span class='ocrx_word' id='word_1_78' title='bbox 732 1084 840 1132; x_wconf 90' lang='lat' dir='ltr'><strong>Erit</strong></span> <span class='ocrx_word' id='word_1_79' title='bbox 865 1101 982 1149; x_wconf 90' lang='lat' dir='ltr'><strong>ergo</strong></span> <span class='ocrx_word' id='word_1_80' title='bbox 1020 1086 1282 1149; x_wconf 90' lang='lat' dir='ltr'><strong>perimeter</strong></span> <span class='ocrx_word' id='word_1_81' title='bbox 1316 1102 1405 1149; x_wconf 89' lang='lat' dir='ltr'><strong>per</strong></span> <span class='ocrx_word' id='word_1_82' title='bbox 1432 1087 1470 1133; x_wconf 84' lang='lat' dir='ltr'>B</span> <span class='ocrx_word' id='word_1_83' title='bbox 1496 1086 1559 1134; x_wconf 87' lang='lat' dir='ltr'><strong>ad</strong></span> 
     </span>
     <span class='ocr_line' id='line_1_15' title="bbox 167 1158 1560 1222; baseline 0.004 -17"><span class='ocrx_word' id='word_1_84' title='bbox 167 1158 484 1222; x_wconf 87' lang='lat' dir='ltr'><strong>perimetrum</strong></span> <span class='ocrx_word' id='word_1_85' title='bbox 508 1175 596 1222; x_wconf 89' lang='lat' dir='ltr'><strong>per</strong></span> <span class='ocrx_word' id='word_1_86' title='bbox 620 1160 675 1216; x_wconf 92' lang='lat' dir='ltr'><strong>E,</strong></span> <span class='ocrx_word' id='word_1_87' title='bbox 701 1168 754 1208; x_wconf 91' lang='lat' dir='ltr'><strong>ut</strong></span> <span class='ocrx_word' id='word_1_88' title='bbox 779 1165 809 1207; x_wconf 89' lang='lat'>6</span> <span class='ocrx_word' id='word_1_89' title='bbox 834 1161 897 1208; x_wconf 89' lang='lat' dir='ltr'><strong>ad</strong></span> <span class='ocrx_word' id='word_1_90' title='bbox 925 1167 970 1209; x_wconf 90' lang='lat'><strong>5.</strong></span> <span class='ocrx_word' id='word_1_91' title='bbox 1031 1162 1234 1210; x_wconf 89' lang='lat' dir='ltr'><strong>Secetur</strong></span> <span class='ocrx_word' id='word_1_92' title='bbox 1260 1162 1347 1210; x_wconf 93' lang='lat' dir='ltr'><strong>BD</strong></span> <span class='ocrx_word' id='word_1_93' title='bbox 1371 1178 1401 1210; x_wconf 90' lang='lat' dir='ltr'><strong>a</strong></span> <span class='ocrx_word' id='word_1_94' title='bbox 1424 1171 1560 1210; x_wconf 85' lang='lat' dir='ltr'><strong>recta</strong></span> 
     </span>
     <span class='ocr_line' id='line_1_16' title="bbox 167 1234 1558 1299; baseline 0.002 -17"><span class='ocrx_word' id='word_1_95' title='bbox 167 1234 255 1282; x_wconf 88' lang='lat' dir='ltr'><strong>Ac</strong></span> <span class='ocrx_word' id='word_1_96' title='bbox 281 1234 502 1294; x_wconf 88' lang='lat' dir='ltr'><strong>(secante</strong></span> <span class='ocrx_word' id='word_1_97' title='bbox 526 1235 762 1283; x_wconf 88' lang='lat' dir='ltr'><strong>circulum</strong></span> <span class='ocrx_word' id='word_1_98' title='bbox 787 1252 875 1299; x_wconf 91' lang='lat' dir='ltr'><strong>per</strong></span> <span class='ocrx_word' id='word_1_99' title='bbox 901 1237 940 1284; x_wconf 91' lang='lat' dir='ltr'><strong>E</strong></span> <span class='ocrx_word' id='word_1_100' title='bbox 975 1237 1025 1284; x_wconf 93' lang='lat' dir='ltr'><strong>in</strong></span> <span class='ocrx_word' id='word_1_101' title='bbox 1063 1237 1120 1298; x_wconf 93' lang='lat' dir='ltr'><strong>F)</strong></span> <span class='ocrx_word' id='word_1_102' title='bbox 1149 1237 1375 1286; x_wconf 87' lang='lat' dir='ltr'><strong>bifariam</strong></span> <span class='ocrx_word' id='word_1_103' title='bbox 1411 1237 1462 1285; x_wconf 92' lang='lat' dir='ltr'><strong>in</strong></span> <span class='ocrx_word' id='word_1_104' title='bbox 1488 1237 1558 1292; x_wconf 88' lang='lat' dir='ltr'><strong>C;</strong></span> 
     </span>
     <span class='ocr_line' id='line_1_17' title="bbox 168 1308 1560 1377; baseline 0.003 -20"><span class='ocrx_word' id='word_1_105' title='bbox 168 1308 508 1374; x_wconf 89' lang='lat' dir='ltr'><strong>ducanturque</strong></span> <span class='ocrx_word' id='word_1_106' title='bbox 533 1311 730 1359; x_wconf 86' lang='lat' dir='ltr'><strong>chordae</strong></span> <span class='ocrx_word' id='word_1_107' title='bbox 756 1311 853 1369; x_wconf 87' lang='lat' dir='ltr'><strong>BC,</strong></span> <span class='ocrx_word' id='word_1_108' title='bbox 873 1312 958 1360; x_wconf 90' lang='lat' dir='ltr'><strong>CD</strong></span> <span class='ocrx_word' id='word_1_109' title='bbox 979 1331 990 1360; x_wconf 78' lang='lat' dir='ltr'>z</span> <span class='ocrx_word' id='word_1_110' title='bbox 1028 1313 1206 1375; x_wconf 88' lang='lat' dir='ltr'><strong>quibus</strong></span> <span class='ocrx_word' id='word_1_111' title='bbox 1229 1313 1436 1377; x_wconf 85' lang='lat' dir='ltr'><strong>aequales</strong></span> <span class='ocrx_word' id='word_1_112' title='bbox 1473 1330 1560 1377; x_wconf 88' lang='lat' dir='ltr'><strong>ap-</strong></span> 
     </span>
     <span class='ocr_line' id='line_1_18' title="bbox 169 1385 1332 1450; baseline 0.004 -18"><span class='ocrx_word' id='word_1_113' title='bbox 169 1385 413 1448; x_wconf 90' lang='lat' dir='ltr'><strong>plicentur</strong></span> <span class='ocrx_word' id='word_1_114' title='bbox 435 1386 486 1433; x_wconf 89' lang='lat' dir='ltr'><strong>in</strong></span> <span class='ocrx_word' id='word_1_115' title='bbox 511 1385 695 1434; x_wconf 91' lang='lat' dir='ltr'><strong>circulo</strong></span> <span class='ocrx_word' id='word_1_116' title='bbox 718 1402 806 1450; x_wconf 90' lang='lat' dir='ltr'><strong>per</strong></span> <span class='ocrx_word' id='word_1_117' title='bbox 829 1388 870 1435; x_wconf 92' lang='lat' dir='ltr'><strong>E</strong></span> <span class='ocrx_word' id='word_1_118' title='bbox 894 1387 1092 1437; x_wconf 85' lang='lat' dir='ltr'><strong>chordae</strong></span> <span class='ocrx_word' id='word_1_119' title='bbox 1117 1389 1332 1447; x_wconf 88' lang='grc' dir='ltr'><strong>ΕΗ,ΗΙ.</strong></span> 
     </span>
    </p>
   </div>
   <div class='ocr_carea' id='block_1_8' title="bbox 237 1460 1562 1524">
    <p class='ocr_par' dir='ltr' id='par_1_8' title="bbox 237 1460 1562 1524">
     <span class='ocr_line' id='line_1_19' title="bbox 237 1460 1562 1524; baseline 0.003 -16"><span class='ocrx_word' id='word_1_120' title='bbox 237 1460 363 1509; x_wconf 88' lang='lat' dir='ltr'><strong>Sunt</strong></span> <span class='ocrx_word' id='word_1_121' title='bbox 386 1476 503 1524; x_wconf 91' lang='lat' dir='ltr'><strong>ergo</strong></span> <span class='ocrx_word' id='word_1_122' title='bbox 528 1460 638 1509; x_wconf 88' lang='lat' dir='ltr'><strong>duae</strong></span> <span class='ocrx_word' id='word_1_123' title='bbox 662 1461 859 1510; x_wconf 90' lang='lat' dir='ltr'><strong>chordae</strong></span> <span class='ocrx_word' id='word_1_124' title='bbox 893 1463 1002 1521; x_wconf 93' lang='lat' dir='ltr'><strong>EH,</strong></span> <span class='ocrx_word' id='word_1_125' title='bbox 1020 1463 1096 1511; x_wconf 90' lang='lat' dir='ltr'><strong>HI</strong></span> <span class='ocrx_word' id='word_1_126' title='bbox 1120 1463 1183 1512; x_wconf 91' lang='lat' dir='ltr'><strong>ad</strong></span> <span class='ocrx_word' id='word_1_127' title='bbox 1207 1464 1328 1512; x_wconf 90' lang='lat' dir='ltr'><strong>duas</strong></span> <span class='ocrx_word' id='word_1_128' title='bbox 1352 1463 1562 1512; x_wconf 82' lang='lat' dir='ltr'><strong>chordas</strong></span> 
     </span>
    </p>
   </div>
   <div class='ocr_carea' id='block_1_9' title="bbox 166 1538 1567 2439">
    <p class='ocr_par' dir='ltr' id='par_1_9' title="bbox 166 1538 1565 2060">
     <span class='ocr_line' id='line_1_20' title="bbox 169 1538 1562 1599; baseline 0.001 -11"><span class='ocrx_word' id='word_1_129' title='bbox 169 1538 264 1594; x_wconf 83' lang='lat' dir='ltr'><strong>EF,</strong></span> <span class='ocrx_word' id='word_1_130' title='bbox 283 1538 365 1586; x_wconf 92' lang='lat' dir='ltr'><strong>FG</strong></span> <span class='ocrx_word' id='word_1_131' title='bbox 387 1545 442 1585; x_wconf 91' lang='lat' dir='ltr'><strong>ut</strong></span> <span class='ocrx_word' id='word_1_132' title='bbox 465 1554 607 1587; x_wconf 88' lang='lat' dir='ltr'><strong>arcus</strong></span> <span class='ocrx_word' id='word_1_133' title='bbox 632 1539 719 1587; x_wconf 90' lang='lat' dir='ltr'><strong>BD</strong></span> <span class='ocrx_word' id='word_1_134' title='bbox 738 1540 802 1587; x_wconf 88' lang='lat' dir='ltr'><strong>ad</strong></span> <span class='ocrx_word' id='word_1_135' title='bbox 825 1556 993 1588; x_wconf 88' lang='lat' dir='ltr'><strong>arcum</strong></span> <span class='ocrx_word' id='word_1_136' title='bbox 1012 1541 1111 1599; x_wconf 91' lang='lat' dir='ltr'><strong>EG,</strong></span> <span class='ocrx_word' id='word_1_137' title='bbox 1131 1541 1182 1590; x_wconf 91' lang='lat' dir='ltr'><strong>id</strong></span> <span class='ocrx_word' id='word_1_138' title='bbox 1200 1550 1274 1590; x_wconf 90' lang='lat' dir='ltr'><strong>est</strong></span> <span class='ocrx_word' id='word_1_139' title='bbox 1293 1550 1348 1590; x_wconf 92' lang='lat' dir='ltr'><strong>ut</strong></span> <span class='ocrx_word' id='word_1_140' title='bbox 1372 1547 1402 1589; x_wconf 88' lang='lat'><strong>6</strong></span> <span class='ocrx_word' id='word_1_141' title='bbox 1422 1542 1486 1590; x_wconf 88' lang='lat' dir='ltr'><strong>ad</strong></span> <span class='ocrx_word' id='word_1_142' title='bbox 1505 1549 1562 1590; x_wconf 86' lang='lat'><strong>5:</strong></span> 
     </span>
     <span class='ocr_line' id='line_1_21' title="bbox 170 1613 1563 1682; baseline 0.004 -21"><span class='ocrx_word' id='word_1_143' title='bbox 170 1622 220 1662; x_wconf 91' lang='lat' dir='ltr'><strong>et</strong></span> <span class='ocrx_word' id='word_1_144' title='bbox 242 1629 389 1662; x_wconf 87' lang='lat' dir='ltr'><strong>arcus</strong></span> <span class='ocrx_word' id='word_1_145' title='bbox 412 1613 478 1662; x_wconf 89' lang='lat' dir='ltr'><strong>EI</strong></span> <span class='ocrx_word' id='word_1_146' title='bbox 502 1613 566 1662; x_wconf 89' lang='lat' dir='ltr'><strong>ad</strong></span> <span class='ocrx_word' id='word_1_147' title='bbox 590 1630 758 1663; x_wconf 89' lang='lat' dir='ltr'><strong>arcum</strong></span> <span class='ocrx_word' id='word_1_148' title='bbox 783 1616 871 1663; x_wconf 93' lang='lat' dir='ltr'><strong>EG</strong></span> <span class='ocrx_word' id='word_1_149' title='bbox 893 1625 950 1664; x_wconf 88' lang='lat' dir='ltr'><strong>ut</strong></span> <span class='ocrx_word' id='word_1_150' title='bbox 974 1622 1004 1664; x_wconf 92' lang='lat'>6</span> <span class='ocrx_word' id='word_1_151' title='bbox 1029 1617 1091 1665; x_wconf 91' lang='lat' dir='ltr'><strong>ad</strong></span> <span class='ocrx_word' id='word_1_152' title='bbox 1118 1624 1164 1666; x_wconf 87' lang='lat'><strong>5.</strong></span> <span class='ocrx_word' id='word_1_153' title='bbox 1234 1619 1322 1666; x_wconf 89' lang='lat' dir='ltr'><strong>Est</strong></span> <span class='ocrx_word' id='word_1_154' title='bbox 1346 1634 1463 1682; x_wconf 87' lang='lat' dir='ltr'><strong>ergo</strong></span> <span class='ocrx_word' id='word_1_155' title='bbox 1487 1634 1563 1666; x_wconf 89' lang='lat' dir='ltr'><strong>ar-</strong></span> 
     </span>
     <span class='ocr_line' id='line_1_22' title="bbox 170 1689 1565 1757; baseline 0.002 -18"><span class='ocrx_word' id='word_1_156' title='bbox 170 1705 257 1739; x_wconf 88' lang='lat' dir='ltr'><strong>cus</strong></span> <span class='ocrx_word' id='word_1_157' title='bbox 280 1689 348 1738; x_wconf 91' lang='lat' dir='ltr'><strong>GI</strong></span> <span class='ocrx_word' id='word_1_158' title='bbox 371 1690 544 1754; x_wconf 89' lang='lat' dir='ltr'><strong>quinta</strong></span> <span class='ocrx_word' id='word_1_159' title='bbox 566 1706 679 1753; x_wconf 90' lang='lat' dir='ltr'><strong>pars</strong></span> <span class='ocrx_word' id='word_1_160' title='bbox 707 1706 849 1739; x_wconf 87' lang='lat' dir='ltr'><strong>arcus</strong></span> <span class='ocrx_word' id='word_1_161' title='bbox 870 1691 969 1750; x_wconf 91' lang='lat' dir='ltr'><strong>EG,</strong></span> <span class='ocrx_word' id='word_1_162' title='bbox 994 1692 1046 1740; x_wconf 90' lang='lat' dir='ltr'><strong>id</strong></span> <span class='ocrx_word' id='word_1_163' title='bbox 1068 1702 1142 1741; x_wconf 93' lang='lat' dir='ltr'><strong>est</strong></span> <span class='ocrx_word' id='word_1_164' title='bbox 1177 1694 1427 1757; x_wconf 87' lang='lat' dir='ltr'><strong>trigesima</strong></span> <span class='ocrx_word' id='word_1_165' title='bbox 1449 1709 1565 1757; x_wconf 91' lang='lat' dir='ltr'><strong>pars</strong></span> 
     </span>
     <span class='ocr_line' id='line_1_23' title="bbox 169 1765 1563 1832; baseline 0.001 -18"><span class='ocrx_word' id='word_1_166' title='bbox 169 1765 450 1830; x_wconf 86' lang='lat' dir='ltr'><strong>perimetri:</strong></span> <span class='ocrx_word' id='word_1_167' title='bbox 486 1772 536 1814; x_wconf 90' lang='lat' dir='ltr'><strong>et</strong></span> <span class='ocrx_word' id='word_1_168' title='bbox 559 1773 692 1814; x_wconf 90' lang='lat' dir='ltr'><strong>totus</strong></span> <span class='ocrx_word' id='word_1_169' title='bbox 715 1782 858 1815; x_wconf 89' lang='lat' dir='ltr'><strong>arcus</strong></span> <span class='ocrx_word' id='word_1_170' title='bbox 881 1767 947 1816; x_wconf 92' lang='lat' dir='ltr'><strong>EI</strong></span> <span class='ocrx_word' id='word_1_171' title='bbox 970 1783 1054 1816; x_wconf 85' lang='lat' dir='ltr'><strong>sex</strong></span> <span class='ocrx_word' id='word_1_172' title='bbox 1085 1769 1348 1832; x_wconf 89' lang='lat' dir='ltr'><strong>trigesimae</strong></span> <span class='ocrx_word' id='word_1_173' title='bbox 1380 1778 1563 1832; x_wconf 90' lang='lat' dir='ltr'><strong>partes,</strong></span> 
     </span>
     <span class='ocr_line' id='line_1_24' title="bbox 166 1841 1560 1908; baseline 0.003 -18"><span class='ocrx_word' id='word_1_174' title='bbox 166 1841 220 1890; x_wconf 86' lang='lat' dir='ltr'><strong>id</strong></span> <span class='ocrx_word' id='word_1_175' title='bbox 242 1850 318 1891; x_wconf 69' lang='lat' dir='ltr'><strong>oet</strong></span> <span class='ocrx_word' id='word_1_176' title='bbox 339 1857 452 1905; x_wconf 91' lang='lat' dir='ltr'><strong>pars</strong></span> <span class='ocrx_word' id='word_1_177' title='bbox 475 1841 661 1904; x_wconf 87' lang='lat' dir='ltr'><strong>quinta,</strong></span> <span class='ocrx_word' id='word_1_178' title='bbox 688 1843 838 1891; x_wconf 90' lang='lat' dir='ltr'><strong>totius</strong></span> <span class='ocrx_word' id='word_1_179' title='bbox 862 1844 1114 1907; x_wconf 89' lang='lat' dir='ltr'><strong>perimetri</strong></span> <span class='ocrx_word' id='word_1_180' title='bbox 1135 1861 1224 1908; x_wconf 91' lang='lat' dir='ltr'><strong>per</strong></span> <span class='ocrx_word' id='word_1_181' title='bbox 1250 1846 1306 1894; x_wconf 90' lang='lat' dir='ltr'><strong>E.</strong></span> <span class='ocrx_word' id='word_1_182' title='bbox 1376 1845 1560 1894; x_wconf 89' lang='lat' dir='ltr'><strong>Eadem</strong></span> 
     </span>
     <span class='ocr_line' id='line_1_25' title="bbox 171 1917 1565 1984; baseline 0.002 -18"><span class='ocrx_word' id='word_1_183' title='bbox 171 1925 247 1966; x_wconf 88' lang='lat' dir='ltr'><strong>est</strong></span> <span class='ocrx_word' id='word_1_184' title='bbox 269 1917 623 1965; x_wconf 86' lang='lat' dir='ltr'><strong>demonstratio</strong></span> <span class='ocrx_word' id='word_1_185' title='bbox 648 1933 757 1981; x_wconf 90' lang='lat' dir='ltr'><strong>quae</strong></span> <span class='ocrx_word' id='word_1_186' title='bbox 797 1918 848 1966; x_wconf 91' lang='lat' dir='ltr'><strong>in</strong></span> <span class='ocrx_word' id='word_1_187' title='bbox 882 1919 1178 1983; x_wconf 86' lang='lat' dir='ltr'><strong>heptagono.</strong></span> <span class='ocrx_word' id='word_1_188' title='bbox 1248 1921 1411 1969; x_wconf 91' lang='lat' dir='ltr'><strong>Ducta</strong></span> <span class='ocrx_word' id='word_1_189' title='bbox 1446 1937 1565 1984; x_wconf 86' lang='lat' dir='ltr'><strong>ergo</strong></span> 
     </span>
     <span class='ocr_line' id='line_1_26' title="bbox 171 1992 1474 2060; baseline 0.004 -20"><span class='ocrx_word' id='word_1_190' title='bbox 171 1992 357 2041; x_wconf 88' lang='lat' dir='ltr'><strong>chorda</strong></span> <span class='ocrx_word' id='word_1_191' title='bbox 379 1993 460 2050; x_wconf 87' lang='lat' dir='ltr'><strong>EI,</strong></span> <span class='ocrx_word' id='word_1_192' title='bbox 485 2003 560 2040; x_wconf 90' lang='lat' dir='ltr'><strong>est</strong></span> <span class='ocrx_word' id='word_1_193' title='bbox 582 1993 712 2041; x_wconf 88' lang='lat' dir='ltr'><strong>latus</strong></span> <span class='ocrx_word' id='word_1_194' title='bbox 734 1995 1003 2058; x_wconf 86' lang='lat' dir='ltr'><strong>pentagoni</strong></span> <span class='ocrx_word' id='word_1_195' title='bbox 1027 1996 1078 2044; x_wconf 88' lang='lat' dir='ltr'><strong>in</strong></span> <span class='ocrx_word' id='word_1_196' title='bbox 1102 1996 1287 2045; x_wconf 92' lang='lat' dir='ltr'><strong>circulo</strong></span> <span class='ocrx_word' id='word_1_197' title='bbox 1306 2013 1395 2060; x_wconf 88' lang='lat' dir='ltr'><strong>per</strong></span> <span class='ocrx_word' id='word_1_198' title='bbox 1418 1997 1474 2044; x_wconf 90' lang='lat' dir='ltr'><strong>E.</strong></span> 
     </span>
    </p>

    <p class='ocr_par' dir='ltr' id='par_1_10' title="bbox 173 2069 1565 2270">
     <span class='ocr_line' id='line_1_27' title="bbox 244 2069 1565 2136; baseline 0.002 -19"><span class='ocrx_word' id='word_1_199' title='bbox 244 2069 428 2117; x_wconf 84' lang='lat' dir='ltr'><strong>Coroll.</strong></span> <span class='ocrx_word' id='word_1_200' title='bbox 454 2070 486 2117; x_wconf 89' lang='lat' dir='ltr'><strong>i.</strong></span> <span class='ocrx_word' id='word_1_201' title='bbox 523 2070 688 2118; x_wconf 88' lang='lat' dir='ltr'><strong>Potest</strong></span> <span class='ocrx_word' id='word_1_202' title='bbox 722 2086 841 2134; x_wconf 90' lang='lat' dir='ltr'><strong>ergo</strong></span> <span class='ocrx_word' id='word_1_203' title='bbox 882 2072 1092 2120; x_wconf 88' lang='lat' dir='ltr'><strong>inveniri</strong></span> <span class='ocrx_word' id='word_1_204' title='bbox 1129 2072 1258 2121; x_wconf 88' lang='lat' dir='ltr'><strong>latus</strong></span> <span class='ocrx_word' id='word_1_205' title='bbox 1296 2072 1565 2136; x_wconf 86' lang='lat' dir='ltr'><strong>pentagoni</strong></span> 
     </span>
     <span class='ocr_line' id='line_1_28' title="bbox 173 2146 1565 2209; baseline 0.001 -15"><span class='ocrx_word' id='word_1_206' title='bbox 173 2146 278 2194; x_wconf 90' lang='lat' dir='ltr'><strong>sine</strong></span> <span class='ocrx_word' id='word_1_207' title='bbox 317 2161 410 2209; x_wconf 90' lang='lat' dir='ltr'><strong>ope</strong></span> <span class='ocrx_word' id='word_1_208' title='bbox 451 2146 682 2194; x_wconf 87' lang='lat' dir='ltr'><strong>sectionis</strong></span> <span class='ocrx_word' id='word_1_209' title='bbox 719 2147 1070 2196; x_wconf 87' lang='lat' dir='ltr'><strong>semidiametri</strong></span> <span class='ocrx_word' id='word_1_210' title='bbox 1108 2148 1159 2196; x_wconf 91' lang='lat' dir='ltr'><strong>in</strong></span> <span class='ocrx_word' id='word_1_211' title='bbox 1202 2157 1474 2197; x_wconf 86' lang='lat' dir='ltr'><strong>extremam</strong></span> <span class='ocrx_word' id='word_1_212' title='bbox 1514 2156 1565 2196; x_wconf 91' lang='lat' dir='ltr'><strong>et</strong></span> 
     </span>
     <span class='ocr_line' id='line_1_29' title="bbox 175 2221 670 2270; baseline 0 0"><span class='ocrx_word' id='word_1_213' title='bbox 175 2221 386 2270; x_wconf 85' lang='lat' dir='ltr'><strong>mediam</strong></span> <span class='ocrx_word' id='word_1_214' title='bbox 410 2221 670 2270; x_wconf 89' lang='lat' dir='ltr'><strong>rationem.</strong></span> 
     </span>
    </p>

    <p class='ocr_par' dir='ltr' id='par_1_11' title="bbox 174 2296 1567 2439">
     <span class='ocr_line' id='line_1_30' title="bbox 241 2296 1567 2361; baseline 0.002 -17"><span class='ocrx_word' id='word_1_215' title='bbox 241 2296 495 2345; x_wconf 72' lang='lat' dir='ltr'>ANIMAD.</span> <span class='ocrx_word' id='word_1_216' title='bbox 535 2296 784 2346; x_wconf 82' lang='lat' dir='ltr'><strong>Concinna</strong></span> <span class='ocrx_word' id='word_1_217' title='bbox 801 2297 991 2361; x_wconf 83' lang='lat' dir='ltr'><strong>quidem</strong></span> <span class='ocrx_word' id='word_1_218' title='bbox 1006 2298 1112 2348; x_wconf 78' lang='lat' dir='ltr'><strong>lzaec</strong></span> <span class='ocrx_word' id='word_1_219' title='bbox 1124 2306 1264 2348; x_wconf 73' lang='lat' dir='ltr'><strong>sunt.-</strong></span> <span class='ocrx_word' id='word_1_220' title='bbox 1284 2299 1379 2347; x_wconf 74' lang='lat' dir='ltr'><strong>sed</strong></span> <span class='ocrx_word' id='word_1_221' title='bbox 1391 2305 1567 2347; x_wconf 80' lang='lat' dir='ltr'><strong>caveat</strong></span> 
     </span>
     <span class='ocr_line' id='line_1_31' title="bbox 174 2371 1565 2439; baseline 0.001 -19"><span class='ocrx_word' id='word_1_222' title='bbox 174 2371 328 2421; x_wconf 79' lang='lat' dir='ltr'><strong>lector</strong></span> <span class='ocrx_word' id='word_1_223' title='bbox 346 2371 652 2420; x_wconf 72' lang='lat' dir='ltr'><strong>concinnitas</strong></span> <span class='ocrx_word' id='word_1_224' title='bbox 675 2372 775 2420; x_wconf 74' lang='lat' dir='ltr'><strong>ista</strong></span> <span class='ocrx_word' id='word_1_225' title='bbox 797 2388 858 2420; x_wconf 85' lang='lat' dir='ltr'><strong>ne</strong></span> <span class='ocrx_word' id='word_1_226' title='bbox 860 2373 1109 2436; x_wconf 82' lang='lat' dir='ltr'><strong>fraudem</strong></span> <span class='ocrx_word' id='word_1_227' title='bbox 1112 2375 1289 2439; x_wconf 81' lang='lat' dir='ltr'><strong>ferat,</strong></span> <span class='ocrx_word' id='word_1_228' title='bbox 1305 2374 1565 2439; x_wconf 80' lang='lat' dir='ltr'><strong>adeatque,</strong></span> 
     </span>
    </p>
   </div>
   <div class='ocr_carea' id='block_1_10' title="bbox 175 2446 1567 2571">
    <p class='ocr_par' dir='ltr' id='par_1_12' title="bbox 175 2446 1567 2571">
     <span class='ocr_line' id='line_1_32' title="bbox 175 2446 1567 2512; baseline 0.004 -18"><span class='ocrx_word' id='word_1_229' title='bbox 175 2447 223 2496; x_wconf 72' lang='grc' dir='ltr'><strong>εἰ</strong></span> <span class='ocrx_word' id='word_1_230' title='bbox 251 2447 407 2512; x_wconf 72' lang='lat' dir='ltr'><strong>sapit,</strong></span> <span class='ocrx_word' id='word_1_231' title='bbox 430 2463 633 2494; x_wconf 77' lang='lat' dir='ltr'><strong>examen</strong></span> <span class='ocrx_word' id='word_1_232' title='bbox 651 2446 784 2495; x_wconf 80' lang='lat' dir='ltr'><em>illud</em></span> <span class='ocrx_word' id='word_1_233' title='bbox 800 2449 1264 2509; x_wconf 73' lang='lat' dir='ltr'><strong>acccuratissimum,</strong></span> <span class='ocrx_word' id='word_1_234' title='bbox 1289 2464 1567 2498; x_wconf 64' lang='lat' dir='ltr'><strong>Ama-RMB-</strong></span> 
     </span>
     <span class='ocr_line' id='line_1_33' title="bbox 177 2536 709 2571; baseline -0.002 0"><span class='ocrx_word' id='word_1_235' title='bbox 177 2537 350 2571; x_wconf 76' lang='lat' dir='ltr'><strong>‘rmAM</strong></span> <span class='ocrx_word' id='word_1_236' title='bbox 378 2536 709 2570; x_wconf 77' lang='lat' dir='ltr'><strong>SPEclosAM.</strong></span> 
     </span>
    </p>
   </div>
   <div class='ocr_carea' id='block_1_11' title="bbox 175 2596 1570 2963">
    <p class='ocr_par' dir='ltr' id='par_1_13' title="bbox 175 2596 1570 2963">
     <span class='ocr_line' id='line_1_34' title="bbox 191 2596 1568 2648; baseline 0.001 -4"><span class='ocrx_word' id='word_1_237' title='bbox 191 2642 195 2643; x_wconf 19' lang='lat'><em>⁷</em></span> <span class='ocrx_word' id='word_1_238' title='bbox 246 2596 432 2645; x_wconf 83' lang='lat' dir='ltr'><strong>Coroll.</strong></span> <span class='ocrx_word' id='word_1_239' title='bbox 457 2597 507 2644; x_wconf 91' lang='lat' dir='ltr'><strong>ii.</strong></span> <span class='ocrx_word' id='word_1_240' title='bbox 546 2597 616 2645; x_wconf 92' lang='lat' dir='ltr'><strong>Ut</strong></span> <span class='ocrx_word' id='word_1_241' title='bbox 638 2597 700 2645; x_wconf 91' lang='lat' dir='ltr'><strong>ab</strong></span> <span class='ocrx_word' id='word_1_242' title='bbox 724 2599 966 2646; x_wconf 82' lang='lat' dir='ltr'><strong>exteriore</strong></span> <span class='ocrx_word' id='word_1_243' title='bbox 990 2599 1174 2648; x_wconf 81' lang='lat' dir='ltr'><strong>circulo</strong></span> <span class='ocrx_word' id='word_1_244' title='bbox 1197 2599 1261 2648; x_wconf 87' lang='lat' dir='ltr'><strong>ad</strong></span> <span class='ocrx_word' id='word_1_245' title='bbox 1283 2600 1568 2648; x_wconf 90' lang='lat' dir='ltr'><strong>interiorem</strong></span> 
     </span>
     <span class='ocr_line' id='line_1_35' title="bbox 175 2671 1569 2738; baseline 0.002 -18"><span class='ocrx_word' id='word_1_246' title='bbox 175 2671 411 2720; x_wconf 80' lang='lat' dir='ltr'><strong>hactenus</strong></span> <span class='ocrx_word' id='word_1_247' title='bbox 426 2673 666 2736; x_wconf 85' lang='lat' dir='ltr'><strong>processit</strong></span> <span class='ocrx_word' id='word_1_248' title='bbox 685 2672 1060 2733; x_wconf 85' lang='lat' dir='ltr'><strong>demonstratio,</strong></span> <span class='ocrx_word' id='word_1_249' title='bbox 1075 2674 1146 2723; x_wconf 87' lang='lat' dir='ltr'><strong>ita</strong></span> <span class='ocrx_word' id='word_1_250' title='bbox 1162 2675 1395 2738; x_wconf 87' lang='lat' dir='ltr'><strong>procedet</strong></span> <span class='ocrx_word' id='word_1_251' title='bbox 1418 2675 1569 2723; x_wconf 88' lang='lat' dir='ltr'><strong>etiam</strong></span> 
     </span>
     <span class='ocr_line' id='line_1_36' title="bbox 178 2746 1570 2812; baseline 0.001 -17"><span class='ocrx_word' id='word_1_252' title='bbox 178 2746 241 2795; x_wconf 80' lang='lat' dir='ltr'><strong>ab</strong></span> <span class='ocrx_word' id='word_1_253' title='bbox 262 2747 511 2807; x_wconf 88' lang='lat' dir='ltr'><strong>interiore,</strong></span> <span class='ocrx_word' id='word_1_254' title='bbox 532 2757 588 2796; x_wconf 92' lang='lat' dir='ltr'><strong>ut</strong></span> <span class='ocrx_word' id='word_1_255' title='bbox 610 2764 670 2796; x_wconf 88' lang='lat' dir='ltr'><strong>ex</strong></span> <span class='ocrx_word' id='word_1_256' title='bbox 695 2748 892 2812; x_wconf 89' lang='lat' dir='ltr'><strong>trigono</strong></span> <span class='ocrx_word' id='word_1_257' title='bbox 916 2749 1033 2798; x_wconf 88' lang='lat' dir='ltr'><strong>dato</strong></span> <span class='ocrx_word' id='word_1_258' title='bbox 1059 2750 1337 2799; x_wconf 85' lang='lat' dir='ltr'><strong>inveniatur</strong></span> <span class='ocrx_word' id='word_1_259' title='bbox 1354 2758 1570 2812; x_wconf 87' lang='lat' dir='ltr'><strong>tetrago-</strong></span> 
     </span>
     <span class='ocr_line' id='line_1_37' title="bbox 179 2825 1569 2888; baseline 0.001 -19"><span class='ocrx_word' id='word_1_260' title='bbox 179 2835 313 2880; x_wconf 85' lang='lat' dir='ltr'><strong>num,</strong></span> <span class='ocrx_word' id='word_1_261' title='bbox 348 2831 684 2887; x_wconf 89' lang='lat' dir='ltr'><strong>pentagonum</strong></span> <span class='ocrx_word' id='word_1_262' title='bbox 726 2839 785 2871; x_wconf 89' lang='lat' dir='ltr'><strong>ex</strong></span> <span class='ocrx_word' id='word_1_263' title='bbox 834 2833 1110 2887; x_wconf 87' lang='lat' dir='ltr'><strong>tetragono,</strong></span> <span class='ocrx_word' id='word_1_264' title='bbox 1152 2825 1462 2888; x_wconf 88' lang='lat' dir='ltr'><strong>hexagonum</strong></span> <span class='ocrx_word' id='word_1_265' title='bbox 1509 2839 1569 2871; x_wconf 84' lang='lat' dir='ltr'><strong>ex</strong></span> 
     </span>
     <span class='ocr_line' id='line_1_38' title="bbox 179 2899 1567 2963; baseline 0.001 -18"><span class='ocrx_word' id='word_1_266' title='bbox 179 2905 473 2961; x_wconf 78' lang='lat' dir='ltr'><strong>pentagono,</strong></span> <span class='ocrx_word' id='word_1_267' title='bbox 498 2907 549 2947; x_wconf 92' lang='lat' dir='ltr'><strong>et</strong></span> <span class='ocrx_word' id='word_1_268' title='bbox 570 2899 640 2947; x_wconf 88' lang='lat' dir='ltr'><strong>sic</strong></span> <span class='ocrx_word' id='word_1_269' title='bbox 664 2899 910 2962; x_wconf 82' lang='lat' dir='ltr'><strong>deincepS.</strong></span> <span class='ocrx_word' id='word_1_270' title='bbox 971 2900 1099 2949; x_wconf 88' lang='lat' dir='ltr'><strong>Dato</strong></span> <span class='ocrx_word' id='word_1_271' title='bbox 1123 2901 1253 2949; x_wconf 89' lang='lat' dir='ltr'><strong>enim</strong></span> <span class='ocrx_word' id='word_1_272' title='bbox 1277 2900 1429 2949; x_wconf 86' lang='lat' dir='ltr'><strong>latere</strong></span> <span class='ocrx_word' id='word_1_273' title='bbox 1453 2915 1567 2963; x_wconf 88' lang='lat' dir='ltr'><strong>pen-</strong></span> 
     </span>
    </p>
   </div>
  </div>
 </body>
</html>
