1982 3204
0 2037 7 2076 Γ-Αι-
0 2017 3 2023 π
0 1854 27 2007 -νεῃωι-ῗτεηῑ
0 1671 19 1845 ἴμγψψ-νμιψ-
0 1626 7 1661 -ψ,

723 260 1170 295 Βοσιῐςειᾼετιοᾼ.
1543 254 1634 299 361

252 367 361 412 Mox
381 368 465 414 illis
484 369 642 414 bellum
657 370 823 428 peperit
842 370 1052 414 sententia
1071 370 1258 414 discors:

310 434 502 493 Pugnari
522 444 568 479 et
587 445 772 494 coeptum
792 445 858 480 est
873 437 1059 480 fustibus
1079 444 1123 479 et
1142 437 1317 480 baculis.

253 500 351 545 Neo
371 500 534 546 Graecis
554 511 723 546 tantum
743 503 828 546 fuit
846 503 938 546 haec
957 502 1163 560 sapientia
1182 503 1298 546 cordi
1315 519 1325 545 :

314 566 485 612 Semina
504 569 665 613 dissidii
686 570 839 627 sparsit
859 569 1018 626 ubique
1033 569 1127 612 loci.

255 632 478 688 Quantum
499 636 612 679 orbis
631 636 772 693 patuit
792 636 1022 686 Romanus,
1044 635 1136 678 rixa
1150 642 1243 678 erat
1261 634 1373 678 inter
1463 655 1532 670 ‹-

312 699 457 746 Caeoos
477 702 529 746 de
550 709 578 727 “
595 703 704 758 Quis
724 703 853 746 habet
872 702 1034 745 lumina
1053 701 1173 749 clara,
1185 701 1353 759 magis”.

254 764 450 821 Quorum
471 769 572 811 olim
591 784 728 812 mores
748 769 914 827 lepidus
933 769 1130 826 depinxit
1148 768 1317 824 ineptos

315 833 502 885 Lucius',
524 842 569 877 et
588 843 814 892 postquam
833 834 961 878 desiit
979 850 1070 878 esse
1091 834 1268 877 Asinus.

253 897 325 942 De
345 914 527 955 quorum
548 900 677 951 vitiis,
699 908 749 943 ut
768 900 946 957 dignum
962 908 1040 951 est,
1062 900 1345 956 stultitiaque,

314 965 602 1020 Quantumvis
621 966 778 1017 rhetor,
799 966 939 1009 dicere
959 981 1083 1009 nemo
1103 972 1259 1023 potest.
1562 967 1647 1007 440

255 1030 359 1075 Vile
377 1046 527 1089 genus,
548 1032 655 1075 lucri
674 1033 890 1089 cupidum,
911 1032 972 1075 nil
992 1040 1118 1089 turpe
1138 1047 1337 1076 recusans

314 1097 426 1140 Auri
445 1098 692 1141 suaveolens
711 1098 825 1142 unde
845 1099 1011 1142 veniret
1031 1098 1161 1142 odor:

256 1162 412 1206 Infima
431 1163 516 1206 faex
537 1164 684 1221 plebis,
706 1179 867 1221 pauper
885 1180 1003 1222 gens,
1018 1170 1148 1219 atque
1168 1164 1362 1221 superba,

314 1228 493 1272 Nullius
512 1230 641 1288 frugi,
662 1231 724 1273 nil
743 1231 825 1274 nisi
844 1232 976 1274 barba
994 1230 1162 1288 gravis:

259 1294 492 1340 Frontibus
511 1298 692 1340 austeris
711 1298 895 1348 obsceni,
916 1305 1093 1353 totaque
1113 1296 1204 1339 vita

316 1361 514 1420 Ipsorum
534 1371 682 1407 contra
702 1379 831 1420 quam
851 1364 1032 1407 docuere
1053 1362 1151 1406 fuit.

258 1428 345 1472 Soc.
376 1429 423 1471 N
424 1445 508 1473 unc
527 1445 699 1486 quoque
720 1429 960 1475 Centauros
979 1429 1126 1472 videor
1146 1427 1440 1484 Lapithaeque
1460 1393 1619 1479 videre,

317 1496 526 1541 Clamosae
547 1498 715 1553 quoties
733 1497 859 1540 audio
874 1498 1003 1540 verba
1026 1494 1204 1539 Scholae.

258 1562 356 1606 Nec
376 1578 462 1606 non
482 1562 765 1620 Theiologum
786 1562 905 1605 libris
925 1561 1117 1605 convicia
1136 1559 1252 1603 foeda

316 1627 468 1679 Miror,
489 1635 534 1672 et
552 1628 764 1686 indignor,
785 1642 970 1683 cumque
989 1627 1143 1669 rubore
1162 1625 1270 1682 lego.
1566 1627 1653 1666 450

261 1693 378 1737 Nam
398 1694 474 1751 qui
494 1694 741 1752 Theiologis
761 1693 973 1744 dissentit,
994 1692 1189 1750 protinus
1208 1690 1330 1734 audit

319 1760 484 1804 Passim
505 1761 790 1818 Blafflhemus,
807 1759 976 1810 Atheus,
997 1758 1240 1800 Hoerotiou.

261 1827 463 1885 Improba
482 1842 568 1870 non
588 1827 702 1870 dicet
721 1826 875 1869 mulier
894 1824 1086 1869 convicia
1104 1837 1282 1874 summa,

322 1893 369 1939 Si
389 1909 474 1937 non
494 1908 539 1936 se
558 1893 701 1936 laesam
722 1892 879 1935 sentiat
894 1906 985 1934 esse
1004 1890 1136 1948 prius.

261 1961 343 2004 Pr.
374 1959 477 2003 Non
493 1959 643 2002 laesum
662 1958 799 2002 credis
818 1957 993 2007 clerum,
1014 1954 1223 2013 snpientia
1242 1968 1424 2011 quorum

320 2025 560 2084 Spernitur,
581 2032 626 2068 et
644 2024 765 2082 parvi
780 2024 953 2067 ducitur
970 2021 1224 2081 ingenium?

263 2092 441 2136 Virtute
459 2091 620 2149 ingenii
639 2091 848 2134 dominari
867 2097 933 2134 oet
945 2104 1111 2133 summa
1129 2087 1351 2144 voluptas:

319 2158 399 2210 Te,
420 2158 577 2215 quibus
596 2157 705 2200 hanc
725 2157 853 2207 tollis,
873 2171 995 2214 posse
1014 2155 1180 2213 placere
1199 2153 1355 2211 putas?

261 2224 326 2269 Et
344 2225 501 2282 quibus
519 2231 585 2268 est
603 2223 825 2267 commissa
843 2223 1028 2279 teipsum
1048 2236 1150 2265 cura
1177 2218 1369 2269 docendi,

322 2293 397 2335 An
416 2291 583 2335 diversa
601 2298 727 2348 putas
745 2290 860 2333 hisce
880 2289 1031 2332 docere
1049 2288 1174 2331 leve?
1570 2284 1655 2324 460

267 2356 381 2402 Sunt
398 2357 556 2413 quibus
575 2364 641 2399 est
660 2356 789 2399 etiam
809 2355 1014 2399 doctrinae
1033 2353 1172 2412 gloria
1190 2351 1323 2410 panis.

323 2421 427 2466 Non
445 2422 576 2474 laedis,
596 2422 757 2466 faciens
775 2422 901 2466 hosce
920 2421 1059 2479 perire
1077 2419 1189 2463 fame
1202 2420 1223 2461 ἲ

269 2487 318 2533 Si
336 2488 547 2532 mandrita
564 2504 694 2546 pecus
713 2490 963 2546 subreptum
983 2486 1139 2531 viderit
1157 2484 1223 2535 iri,

326 2553 431 2598 Non
449 2554 514 2598 vis
532 2562 583 2598 ut
602 2555 719 2598 fures
738 2554 893 2598 clamet
911 2553 1056 2597 adesse
1075 2550 1228 2609 gregi?

268 2622 355 2664 Soc.
386 2620 608 2664 Pastorem
627 2635 729 2664 vero
748 2627 863 2664 recte
882 2634 968 2663 non
987 2618 1178 2674 increpat
1196 2615 1304 2658 alter

329 2685 495 2737 Pastor,
514 2700 593 2729 nec
611 2685 751 2730 furem
770 2686 843 2729 fur
860 2686 984 2736 bene,
1004 2697 1165 2741 perque
1185 2694 1342 2738 parem.

434 2835 446 2855 ¹
472 2834 632 2882 [Scilicet
654 2833 846 2876 Lucia-s,
860 2831 991 2868 fibula
1008 2831 1116 2867 Lucu
1132 2830 1205 2866 sive
1219 2830 1327 2865 Asini
1343 2821 1492 2867 sueton]
