1982 3204
418 257 515 300 300
963 270 1257 304 Ems‘rOLAE.

156 379 381 455 {Jffiffisnff
417 378 580 441 aliqua
601 380 818 442 generali
842 379 1171 443 descriptione
1199 381 1515 440 conveniunt,
1540 382 1710 431 eadem
1734 384 1806 432 id·

170 470 360 494 »Ὗψ
417 453 548 501 circo
584 454 805 503 absolute
841 455 1049 503 dicenda
1083 456 1200 504 sint:
1238 464 1292 504 ut
1323 472 1477 520 equus
1514 466 1589 506 est
1624 459 1804 507 animal

416 529 707 593 quadrupes,
734 531 1013 589 caudatum,
1040 538 1088 578 et
1118 532 1305 579 lacerta
1342 541 1416 580 est
1444 533 1591 580 etiam
1623 534 1804 582 animal

415 604 706 669 quadrupes,
744 606 1029 654 caudatum:
1070 623 1187 670 ergo
1212 623 1365 670 equus
1388 615 1438 656 et
1464 608 1649 657 lacerta
1672 610 1803 658 idem

414 687 543 728 sunt.

482 756 723 813 Secundo,
772 758 1167 822 quandoquidem
1213 760 1319 807 vult
1366 761 1606 808 sustinere
1661 777 1800 811 suum

413 831 638 894 spiritum
656 833 902 881 internum
923 842 972 882 et
996 851 1155 882 meam
1175 835 1431 883 materiam
1451 837 1677 884 subtilem
1695 854 1802 887 esse

413 922 566 955 unum
601 915 650 956 et
682 909 826 967 idem,
854 909 950 958 duo
979 910 1060 958 hic
1092 910 1475 959 contradictoria
1504 912 1652 960 habet
1688 930 1802 977 pro-

412 982 595 1030 banda:
633 1001 823 1047 nempe,
859 986 990 1033 idem
1022 1002 1199 1049 corpus
1235 987 1412 1035 subtile
1435 988 1484 1034 vi
1518 1004 1618 1036 suae
1645 990 1803 1052 agita-

412 1057 558 1105 tionis
574 1074 678 1106 esse
696 1075 892 1107 causam
909 1060 1122 1119 duritiei,
1142 1070 1196 1108 ut
1216 1061 1296 1109 ille
1317 1062 1563 1124 opinatur,
1583 1072 1633 1111 et
1657 1065 1801 1113 simul

410 1133 458 1179 vi
493 1149 591 1180 suae
621 1134 905 1196 agitationis
929 1151 1035 1183 esse
1060 1152 1258 1183 causam
1285 1137 1525 1196 mollitiei,
1552 1139 1683 1201 quod
1708 1156 1800 1203 ego

410 1209 655 1257 existimo.
725 1210 822 1257 Sed
859 1219 1019 1258 mutat
1061 1212 1404 1274 quaestionem:
1452 1221 1502 1261 et
1541 1222 1800 1278 postquam

409 1284 554 1332 finxit
579 1285 808 1332 duritiem
834 1302 938 1334 esse
962 1303 990 1334 a
1011 1296 1147 1334 motu
1171 1289 1328 1349 magis
1347 1289 1519 1347 veloci,
1545 1290 1799 1339 mollitiem

409 1375 526 1407 vero
562 1376 592 1407 a
626 1369 765 1408 motu
799 1362 959 1409 minus
995 1363 1167 1421 veloci,
1200 1363 1306 1411 vult
1342 1363 1437 1412 hoc
1475 1366 1694 1414 sufficere
1735 1367 1800 1415 ad

409 1451 548 1482 suum
574 1436 877 1485 institutum:
915 1439 1135 1502 quamvis
1167 1455 1258 1502 ego
1295 1447 1467 1487 contra
1497 1449 1666 1503 putem
1694 1458 1801 1490 mo-

408 1519 514 1558 tum
539 1512 695 1575 magis
718 1513 935 1562 velocem
969 1516 1160 1562 efficere
1193 1515 1463 1575 mollitiem,
1490 1523 1539 1564 et
1566 1516 1799 1566 duritiem

407 1602 511 1634 esse
535 1603 564 1634 a
589 1588 768 1651 quiete.
839 1589 1088 1653 Additque
1113 1606 1190 1637 me
1227 1590 1307 1638 hic
1344 1591 1601 1639 ostendere
1634 1593 1799 1655 potius

405 1663 706 1711 volentatem
747 1680 893 1726 quam
934 1665 1176 1712 rationem
1224 1665 1558 1725 dissentiendi,
1605 1683 1797 1731 nempe,

405 1738 520 1801 quia
542 1739 657 1786 nolo
681 1739 941 1788 admittere
973 1757 1031 1788 ea
1063 1757 1172 1804 quae
1206 1741 1350 1804 plane
1385 1743 1633 1791 contraria
1665 1752 1796 1802 sunt,

404 1829 509 1861 esse
532 1830 684 1861 unum
709 1823 759 1862 et
782 1815 927 1862 idem.
977 1816 1105 1864 Nam
1131 1817 1249 1879 quid
1273 1817 1336 1865 ad
1359 1833 1479 1877 rem,
1500 1818 1540 1866 si
1561 1819 1664 1882 ejus
1688 1834 1797 1866 cor-

403 1905 494 1951 pus
518 1890 697 1937 subtile
722 1890 852 1938 idem
876 1891 940 1939 sit
965 1892 1095 1955 quod
1120 1908 1229 1940 mea
1254 1894 1460 1941 materia
1483 1894 1699 1952 subtili*‚
1717 1893 1796 1942 vel

403 1981 504 2013 non
529 1966 608 2026 sit,
633 1983 745 2014 cum
770 1969 1041 2030 praesertim
1066 1969 1106 2016 si
1143 1969 1272 2016 idem
1306 1969 1369 2017 sit
1400 1985 1596 2032 possum
1631 1969 1795 2018 dicere

403 2040 540 2087 illum
558 2058 587 2088 a
604 2058 683 2089 me
703 2058 807 2090 esse
831 2050 1122 2101 mutuatum,
1141 2045 1255 2107 quia
1277 2045 1413 2108 prior
1432 2046 1628 2109 scripsi:
1653 2045 1796 2109 quid·

401 2132 495 2179 que
519 2118 673 2180 magis
698 2119 952 2176 absonum,
978 2135 1123 2182 quam
1148 2120 1280 2183 quod
1305 2121 1420 2168 velit
1443 2129 1500 2168 ut
1534 2121 1693 2168 fatear
1717 2136 1794 2169 me

401 2193 581 2240 sentire
604 2193 748 2255 plane
773 2194 1075 2241 contrarium
1114 2195 1218 2257 ejus
1250 2195 1383 2258 quod
1414 2211 1584 2243 revera
1616 2196 1791 2254 sentio,

401 2275 458 2314 ut
489 2268 676 2316 scilicet
707 2268 800 2332 ipsi
833 2269 1096 2318 assentiar?
1168 2270 1357 2318 Caetera
1386 2287 1495 2334 quae
1523 2271 1605 2319 hic
1636 2271 1792 2331 addit,

401 2358 501 2390 non
526 2352 641 2391 sunt
663 2345 824 2392 minus
844 2345 1057 2393 absona:
1083 2353 1131 2393 et
1156 2346 1276 2393 mihi
1296 2347 1482 2409 affingit
1509 2347 1794 2410 opinionem

402 2418 463 2466 de
493 2435 643 2466 causa
667 2419 862 2466 duritiei
897 2436 1043 2482 quam
1078 2436 1327 2484 nunquam
1364 2421 1528 2481 habui,
1552 2430 1609 2470 ut
1644 2423 1791 2472 nosti.

402 2494 499 2542 Sed
523 2510 643 2557 rogo
667 2510 729 2541 ne
752 2494 894 2557 plura
918 2510 977 2542 ex
1012 2502 1063 2543 te
1100 2495 1256 2545 discat
1285 2496 1346 2544 de
1383 2498 1502 2545 meis
1537 2498 1792 2562 principiis

399 2586 544 2634 quam
563 2572 666 2633 jam
690 2571 843 2618 novit.

465 2645 544 2694 Ad
568 2646 783 2705 tertium,
809 2645 940 2709 quod
963 2646 1120 2694 fassus
1146 2662 1253 2694 sum
1286 2647 1383 2695 dici
1415 2664 1575 2712 posse,
1602 2649 1790 2698 credidi

398 2721 561 2786 aliquo
581 2738 727 2770 sensu
749 2738 889 2786 posse
913 2722 1122 2786 intelligi
1147 2738 1244 2786 quo
1267 2740 1436 2772 verum
1461 2732 1613 2773 esset:
1635 2724 1720 2773 sed
1740 2732 1792 2774 et

1038 2890 1059 2913 *⁸*
1084 2890 1159 2930 Sic.
