1982 3204
427 283 519 327 100
844 294 956 327 Lux
984 293 1408 327 MATHEMATICA.

141 421 403 448 comnovmz-
422 405 566 463 omni,
590 420 689 452 non
714 405 774 452 ob
801 421 907 452 eam
931 422 1034 452 rem
1048 421 1164 452 vera
1178 405 1271 452 erit
1294 404 1355 452 de
1379 420 1584 452 numero
1603 404 1811 453 infinito.

171 521 179 531 ,
215 476 278 501 ⁸¹¹³
295 476 321 501 ¹·
353 521 361 531 ,
422 481 596 544 Neque
620 481 750 528 enim
773 481 1011 528 rationem
1036 481 1186 527 habet
1209 480 1400 527 numeri
1426 486 1444 527 l
1466 479 1529 527 ad
1553 496 1811 527 numerum

420 563 468 614 2,
491 563 575 603 aut
598 556 838 603 rationem
863 556 1061 603 omnino
1077 556 1226 602 ullam
1250 555 1497 603 infinitum
1516 555 1579 602 ad
1601 555 1811 603 finitum.

421 631 664 690 Secundo,
699 632 791 678 etsi
827 630 1112 693 magnitudo
1148 647 1249 678 non
1284 630 1492 678 absurde
1529 630 1626 678 dici
1660 631 1813 692 possit

421 708 628 765 infinita,
652 715 852 770 propter
876 706 1287 769 significationem
1311 706 1382 754 rei
1406 705 1626 754 nondum
1650 706 1815 754 deter-

421 783 635 840 minatae,
659 790 716 829 ut
734 781 928 845 quando
953 789 1136 845 quanta
1160 782 1223 830 sit
1246 798 1344 829 non
1372 789 1447 829 est
1471 781 1680 829 dictum:
1714 797 1814 830 non

421 866 586 906 tamen
609 865 741 905 recte
774 857 870 904 dici
902 865 1068 920 potest
1095 858 1288 905 infinita
1316 857 1577 920 quantitaS.
1649 857 1814 906 Quan-

422 934 537 982 titas
574 934 703 980 enim
741 932 898 980 omnis
936 939 1079 981 tanta
1118 941 1207 992 est,
1245 933 1297 980 id
1333 940 1422 990 est,
1459 933 1619 981 finita:
1655 948 1815 996 neque

422 1009 675 1073 quisquam
691 1024 905 1071 unquam
923 1009 1045 1057 dixit
1060 1008 1121 1057 de
1138 1025 1191 1056 re
1210 1024 1517 1072 quacunque,
1537 1008 1669 1072 quod
1687 1015 1816 1056 esset

423 1085 612 1132 infinite
637 1092 788 1131 tanta.

491 1159 824 1223 Reprehendit
849 1158 996 1206 etiam
1017 1158 1150 1223 quod
1167 1158 1416 1207 Wallisius
1441 1159 1632 1207 dixerat
1655 1158 1813 1206 infini-

424 1243 529 1282 tum
552 1234 761 1292 infinito,
787 1233 997 1281 alterum
1026 1234 1180 1281 altero
1205 1249 1310 1282 esse
1333 1235 1506 1297 majus,
1532 1242 1583 1282 et
1606 1234 1815 1298 probare

425 1318 629 1358 conatus
648 1310 710 1358 sit
725 1318 1016 1372 argumento
1035 1309 1137 1358 tali.
1174 1309 1251 1358 Sit
1263 1310 1308 1357 A
1444 1310 1484 1357 B
1500 1318 1695 1373 tempus
1708 1310 1815 1358 fini-

424 1393 543 1433 tum.
594 1386 670 1433 Ab
694 1386 910 1433 instante
934 1393 1100 1433 autem
1120 1386 1160 1433 B
1178 1385 1228 1433 in
1249 1386 1600 1449 consequentia
1622 1393 1816 1449 tempus

422 1462 486 1509 sit
515 1461 777 1509 infinitum.
848 1461 979 1524 Ergo
1003 1461 1065 1509 ab
1091 1462 1133 1508 A
1158 1462 1210 1509 in
1235 1461 1589 1524 consequentia
1623 1470 1816 1525 tempus

422 1538 516 1585 erit
540 1537 688 1584 etiam
712 1537 982 1585 infinitum:
1019 1537 1247 1600 idemque
1270 1537 1428 1600 majus
1453 1553 1599 1601 quam
1623 1545 1817 1600 tempus

422 1615 482 1661 ab
506 1614 720 1661 instante
736 1614 776 1661 B
795 1613 846 1660 in
871 1613 1224 1677 consequentia
1248 1613 1524 1676 quantitate
1547 1613 1689 1660 finita
1712 1612 1816 1660 AB.

493 1688 790 1752 Hujusmodi
821 1689 1042 1752 argutiae,
1068 1689 1161 1736 etsi
1194 1704 1284 1751 pro
1320 1687 1819 1737 demonstrationibus

426 1765 586 1813 valere
604 1765 1025 1828 permitterentur,
1044 1779 1146 1812 non
1165 1772 1331 1812 tamen
1349 1771 1634 1828 sequeretur
1656 1763 1820 1811 infini-

426 1848 530 1888 tum
555 1840 676 1888 illud
699 1857 729 1888 a
753 1840 809 1898 Β,
834 1840 913 1888 vel
936 1840 998 1888 ab
1023 1840 1083 1898 A,
1103 1840 1155 1888 in
1179 1839 1530 1903 consequentia
1550 1839 1731 1887 habere
1755 1839 1820 1887 ad

427 1916 616 1964 finitam
652 1916 979 1980 quantitatem
1003 1915 1091 1964 AB
1122 1915 1362 1963 rationem
1398 1924 1482 1963 aut
1514 1922 1531 1963 1
1566 1914 1630 1963 ad
1661 1921 1709 1974 2,
1733 1922 1820 1963 aut

427 1992 572 2040 aliam
604 2008 965 2056 quamcunque:
1005 2008 1119 2040 cum
1154 1991 1336 2039 infiniti
1372 1991 1436 2039 ad
1465 1991 1661 2039 finitum
1694 1990 1820 2039 ratio

430 2069 629 2116 omnino
670 2067 803 2115 nulla
844 2068 937 2116 sit.-
995 2067 1093 2114 Sed
1129 2066 1412 2130 hujusmodi
1446 2066 1663 2115 rationes
1698 2065 1823 2114 nihil

429 2142 609 2191 valent.
680 2142 931 2206 Siquidem
972 2143 1103 2190 enim
1141 2142 1364 2190 similiter
1404 2157 1719 2205 argueremus
1758 2141 1821 2190 ab

431 2217 646 2266 instante
673 2219 712 2266 B
739 2227 787 2267 et
814 2219 875 2266 ab
900 2218 1116 2266 instante
1141 2218 1187 2265 A
1213 2217 1265 2264 in
1305 2217 1648 2280 praecedentia,
1672 2217 1823 2265 habe-

432 2309 595 2341 remus
635 2294 883 2343 infinitum
923 2303 1030 2342 tum
1061 2310 1091 2342 a
1129 2301 1270 2357 parte
1308 2300 1439 2351 ante,
1471 2300 1579 2341 tum
1615 2308 1646 2341 a
1679 2299 1822 2357 parte

433 2376 544 2432 post
565 2388 576 2417 :
612 2370 742 2433 quod
766 2371 969 2418 haberet
992 2378 1159 2418 tamen
1185 2368 1308 2417 duos
1336 2368 1588 2427 terminos,
1612 2368 1822 2416 alterum

433 2445 485 2492 in
518 2445 577 2502 A,
609 2439 824 2493 alterum
852 2447 904 2494 in
944 2446 1000 2506 B,
1036 2444 1088 2493 id
1122 2451 1211 2503 est,
1244 2443 1491 2491 infinitum
1529 2443 1663 2507 quod
1698 2443 1821 2492 duos

432 2519 582 2567 habet
606 2521 853 2569 terminos.

500 2594 678 2643 Videre
701 2596 815 2644 hine
846 2603 920 2645 est
943 2596 1118 2660 quibus
1149 2593 1353 2643 induere
1377 2609 1429 2642 se
1453 2592 1822 2642 difficultatibus

434 2686 631 2720 necesse
657 2679 729 2718 est
753 2671 875 2730 illos,
893 2673 975 2735 qui
1001 2671 1249 2734 disputare
1267 2668 1450 2717 audent
1469 2668 1530 2716 de
1549 2668 1822 2732 quantitate

435 2745 507 2794 rei
531 2745 1049 2808 incomprehensibilis,
1075 2745 1217 2809 quale
1251 2751 1326 2792 est
1359 2758 1504 2791 omne
1534 2759 1690 2807 genus
1712 2743 1822 2792 infi-

435 2821 542 2878 niti,
569 2821 668 2869 sive
693 2822 925 2885 temporis
950 2822 1050 2869 sive
1074 2821 1233 2884 spatii.

504 2897 675 2960 Itaque
712 2897 877 2945 omnia
918 2897 978 2945 ab
1018 2897 1111 2945 hac
1147 2895 1303 2960 prima
1338 2893 1401 2943 ad
1440 2893 1822 2958 propositionem
