1982 3204
438 267 527 310 180
729 279 1015 313 PRINCIPIA
1045 280 1112 313 ET
1139 278 1509 316 PROBLEMATA

201 406 290 431 cn.
312 406 366 432 v1.
433 387 695 450 quadratus
719 389 779 436 ab
800 396 829 437 8
854 397 926 438 est
945 396 1030 437 64:
1057 397 1106 438 et
1128 391 1179 438 hi
1197 391 1421 453 quadrati
1446 399 1559 440 sunt
1583 391 1814 456 deinceps

148 492 194 520 De
213 494 324 521 „mone
342 494 412 530 peri,
431 464 654 526 proximi.
703 465 883 523 Quare,
899 482 986 529 per
1010 482 1115 529 cap.
1135 466 1198 525 iv,
1217 482 1350 513 num.
1369 467 1593 525 eundem,
1613 468 1812 532 dempta

145 536 288 609 ffljfflfiffd
301 537 414 566 ‘mium
433 538 618 587 unitate
642 555 671 587 a
694 540 852 588 medio
872 541 1108 602 quadrato
1129 547 1208 599 49,
1229 541 1519 605 relinquitur
1535 549 1598 590 48
1623 543 1811 591 medius

431 615 805 678 proportionalis
830 616 959 663 inter
984 622 1044 663 64
1072 623 1122 664 et
1146 622 1224 675 36,
1251 617 1351 664 sive
1375 618 1513 665 radix
1536 619 1726 666 numeri
1746 623 1808 666 64

430 690 738 753 multiplicati
757 691 807 738 in
832 697 910 739 36.
979 692 1067 739 Est
1102 700 1263 739 autem
1289 698 1351 740 48
1380 693 1672 756 quadratum
1703 702 1812 741 tan-

430 766 588 829 gentis
625 772 687 814 30
727 766 966 829 graduum
990 767 1041 813 in
1076 767 1346 830 quadrato²“<
1375 774 1480 815 144.
1567 769 1811 817 Quoniam

430 850 593 888 autem
618 847 714 890 360
739 841 997 905 decuplum
1017 850 1091 890 est
1115 843 1340 905 quadrati
1365 860 1394 891 a
1417 843 1691 891 semilatere
1713 845 1811 900 BE,

430 916 482 964 id
504 924 592 973 est,
628 917 690 964 ad
725 917 1014 979 quadratum
1046 924 1133 964 144
1161 925 1214 965 ut
1245 925 1302 966 10
1327 919 1389 966 ad
1412 926 1440 966 4
1465 937 1475 966 :
1513 928 1719 982 tangens
1748 925 1812 968 30

429 992 669 1055 graduum
693 992 744 1039 in
768 992 1004 1055 quadrato
1035 998 1131 1041 360
1165 994 1257 1041 erit
1286 994 1348 1041 ad
1378 994 1669 1057 quadratum
1702 1003 1812 1042 tan-

429 1068 590 1130 gentis
615 1069 761 1115 etiam
786 1077 839 1115 ut
870 1074 926 1115 10
950 1068 1013 1115 ad
1037 1075 1083 1115 4.
1135 1068 1231 1116 Sed
1255 1076 1459 1132 tangens
1482 1075 1544 1118 30
1570 1070 1812 1133 graduum

431 1143 479 1190 in
507 1143 744 1206 quadrato
762 1149 873 1200 360,
894 1143 1123 1190 nimirum
1146 1159 1257 1206 pars
1282 1146 1384 1207 ejus
1408 1146 1570 1203 tertia,
1592 1154 1666 1193 est
1698 1152 1810 1194 120:

433 1219 516 1281 qui
552 1234 782 1265 numerus
823 1226 895 1265 est
933 1218 996 1265 ad
1034 1223 1113 1276 48,
1147 1219 1440 1281 quadratum
1480 1222 1726 1283 tangentis
1761 1222 1812 1270 in

432 1293 669 1356 quadrato
701 1299 808 1351 144,
833 1300 886 1340 ut
919 1299 975 1341 10
1005 1293 1068 1340 ad
1091 1299 1137 1340 4.
1207 1294 1294 1341 Est
1328 1310 1444 1358 ergo
1482 1301 1578 1343 360
1603 1297 1812 1358 quadra-

431 1377 536 1416 tum
561 1386 589 1417 a
613 1376 747 1416 recta
765 1369 1032 1431 composita
1057 1384 1114 1416 ex
1140 1369 1276 1416 radio
1296 1379 1346 1417 et
1363 1378 1598 1434 tangente
1619 1377 1682 1420 30
1700 1388 1813 1435 gra-

432 1444 597 1500 duum,
634 1461 739 1508 quae
774 1452 908 1492 recta
947 1444 1216 1507 composita
1254 1453 1329 1492 est
1361 1445 1459 1494 BL.
1531 1446 1678 1495 Quod
1708 1454 1814 1495 erat

431 1519 882 1568 demonstrandum.

499 1611 573 1644 1v.
611 1596 668 1643 In
692 1603 826 1643 recta
860 1596 912 1643 Ic
940 1603 1160 1644 sumatur
1195 1597 1247 1644 Ie
1270 1597 1465 1660 aequalis
1488 1604 1634 1645 rectae
1659 1597 1738 1655 CI,
1763 1605 1820 1653 et,

426 1672 600 1734 juncta
624 1672 722 1730 ΒΕ,
749 1687 889 1719 arcus
915 1671 1082 1719 circuli
1107 1671 1378 1736 descriptus
1401 1673 1537 1721 radio
1562 1674 1633 1721 Be
1656 1682 1815 1721 trans-

432 1746 523 1794 ibit
545 1763 632 1810 per
656 1748 710 1795 L.
780 1748 908 1795 Nam
933 1747 997 1794 BI
1021 1754 1182 1810 potest
1209 1764 1386 1795 novem
1410 1748 1648 1811 quadrata
1670 1749 1815 1796 semi-

431 1822 613 1881 lateris,
639 1838 842 1885 quorum
876 1822 929 1869 Ie
951 1830 1112 1885 potest
1146 1839 1313 1871 unum.
1382 1823 1513 1886 Ergo
1549 1824 1619 1871 Be
1653 1832 1815 1887 potest

434 1898 601 1946 decem
620 1898 912 1945 semilatera:
939 1898 1114 1946 transit
1132 1913 1248 1960 ergo
1264 1913 1405 1946 arcus
1423 1898 1484 1946 ab
1500 1898 1582 1946 illa
1601 1898 1815 1962 descrip-

432 1982 511 2021 tus
534 1990 621 2036 per
643 1973 696 2021 L.

499 2065 551 2097 v.
596 2049 708 2096 Non
755 2057 829 2096 est
874 2048 1217 2112 praetereunda
1261 2049 1355 2097 hoc
1401 2050 1509 2097 loco
1557 2050 1815 2098 difficultas

434 2124 658 2188 quaedam
683 2140 827 2187 quam
851 2125 1010 2188 capite
1034 2125 1152 2172 xxiii
1176 2125 1285 2172 libri
1318 2126 1397 2173 De
1422 2125 1695 2190 Principiis
1718 2134 1815 2174 etc.-

432 2200 600 2248 notavi
623 2200 834 2263 quidem,
859 2200 1139 2247 solvendam
1172 2209 1335 2248 autem
1372 2201 1636 2248 lectoribus
1672 2202 1817 2248 relin-

435 2291 584 2338 quere
629 2275 786 2323 visum
838 2283 958 2322 erat.
1052 2275 1211 2338 Hujus
1257 2275 1433 2322 solutio
1480 2275 1814 2324 illuminandae

433 2350 823 2413 facilitandaeque
857 2350 1139 2413 geometriae
1170 2349 1311 2397 valde
1346 2350 1607 2413 expedibit.
1677 2350 1815 2398 Diffi-

435 2425 590 2474 cultas
624 2433 786 2473 autem
821 2426 926 2473 haec
962 2433 1051 2473 est.
1123 2424 1430 2474 Quadratum
1467 2425 1659 2483 CLYH,
1684 2426 1815 2490 quod

435 2508 509 2548 est
533 2500 824 2563 quadratum
847 2499 1091 2562 tangentis
1116 2505 1178 2548 30
1197 2499 1438 2563 graduum
1459 2507 1508 2548 et
1525 2501 1710 2564 aequale
1727 2517 1815 2565 per

435 2577 846 2625 constructionem
868 2575 1025 2633 BabS,
1045 2584 1119 2623 est
1143 2575 1205 2623 ad
1222 2575 1512 2639 quadratum
1532 2575 1691 2624 Clelz*
1710 2585 1765 2624 ut
1783 2582 1813 2624 4

435 2652 499 2700 ad
524 2658 570 2710 3,
594 2659 650 2699 ut
671 2651 818 2714 vulgo
841 2658 1012 2698 notum
1037 2658 1125 2698 est.
1187 2650 1431 2699 Quoniam
1457 2667 1572 2714 ergo
1597 2667 1815 2714 gnomon

436 2726 687 2775 ILZchM*
699 2726 898 2790 aequalis
908 2742 1012 2774 esse
1021 2726 1165 2774 debet
1180 2725 1326 2789 triplo
1333 2728 1566 2790 gnomoni
1576 2726 1814 2787 ILYehH,

964 2894 987 2917 ⁴*
1019 2893 1084 2934 Sic
1103 2895 1194 2933 edit.
1221 2893 1334 2934 1674.
