1982 3204
712 271 1155 307 sschssmsricA.
1542 262 1639 313 367

239 383 329 440 Qui
347 382 380 428 J
382 398 501 428 esum
520 388 651 440 negat
669 397 759 425 esse
780 380 937 431 Deum,
959 378 1267 436 Genitumque‚
1289 388 1334 424 et
1352 381 1533 425 eundem

295 449 408 495 Cum
429 449 583 497 Patre3
615 454 660 491 et
679 446 916 504 ingenitum
938 445 1013 502 qui
1034 452 1163 502 negat
1183 461 1272 489 esse
1294 446 1464 490 Patrem
1483 464 1494 490 z

238 515 413 573 Quique
432 516 561 559 alium
590 522 738 557 natum
758 528 848 557 esse
869 512 964 555 Deo
984 511 1115 555 Patre
1134 519 1290 569 praeter
1307 513 1340 556 J
1343 529 1462 557 esum

295 582 497 626 Dixerit:
529 588 603 624 aut
624 581 761 637 ipsum
782 587 971 637 tempore
991 585 1138 622 natum
1160 578 1326 634 aliquo.

238 648 447 705 Quique
435 663 574 705 ipsum
594 646 720 697 dicet,
742 645 875 689 solido
895 645 986 688 sine
1005 659 1193 701 corpore,
1214 653 1523 702 spectrum,

295 714 381 759 Vel
401 713 649 758 rationalem
669 728 753 755 non
773 711 970 755 habuisse
990 710 1196 753 animam:

238 782 335 826 Aut
354 781 428 824 illo
448 787 578 837 negat
598 794 688 822 esse
708 778 833 821 modo
854 776 1076 827 Genitum‚
1098 776 1215 833 quali
1234 784 1465 834 generatur

294 846 466 890 Lumen
486 847 540 889 ab
559 859 735 888 accenso
754 843 928 894 lumine,
949 850 995 886 et
1013 843 1138 886 ambo
1157 842 1307 885 simul:
1549 846 1634 887 660

239 912 415 970 Quique
435 912 592 962 Deum,
612 925 782 955 carnem
803 925 889 966 quo
909 908 1091 966 sumpsit
1109 916 1300 966 tempore
1319 917 1520 962 nostram,

293 978 575 1024 Descendisse
595 983 724 1033 negat
746 975 940 1033 Virginis
959 975 1005 1018 in
1024 975 1258 1033 gremium:

238 1045 414 1102 Quique
433 1050 563 1102 negat
583 1042 792 1088 Genitum
813 1041 1014 1087 Genitori
1033 1044 1228 1095 ὀμοούσων
1247 1058 1338 1086 esse

295 1111 519 1169 Ingenit03
550 1117 626 1154 aut
645 1116 795 1152 natum
814 1108 1000 1166 Virgine
1019 1115 1155 1152 matre
1174 1116 1327 1167 negat:

236 1176 299 1221 Et
317 1177 394 1234 qui
413 1192 490 1235 pro
504 1176 627 1220 nobis
646 1191 815 1233 passum
836 1183 1066 1232 nostraque
1085 1176 1222 1219 salute

293 1243 402 1287 Esse
420 1250 574 1300 negat3
605 1242 674 1286 vel
694 1242 769 1299 qui
788 1249 968 1285 mortem
988 1242 1141 1285 obiisse
1159 1248 1316 1299 negat:

236 1309 299 1354 Et
318 1310 394 1366 qui
414 1317 511 1367 post
528 1315 711 1352 mortem
730 1324 817 1352 non
837 1308 1070 1351 surrexisse
1082 1308 1272 1358 fatetur;

295 1376 384 1420 Vel
404 1383 536 1434 negat
554 1375 609 1419 ad
627 1375 826 1419 dextram
846 1389 962 1418 nunc
982 1374 1166 1418 residere
1186 1373 1346 1424 Patris3

238 1442 338 1486 Aut
357 1449 488 1500 negat
506 1441 605 1485 inde
624 1442 781 1485 iterum
801 1447 1045 1491 venturum,
1065 1447 1117 1483 ut
1123 1440 1291 1497 judicet
1309 1455 1456 1484 omnes

297 1508 592 1564 viventesque
610 1507 815 1557 homines,
838 1506 1000 1562 quique
1019 1506 1162 1550 obiere
1181 1506 1306 1549 diem.
1548 1507 1633 1552 670

239 1574 334 1619 Hos
354 1574 458 1618 facit
477 1574 704 1616 Heu-reticos
726 1572 926 1630 Synodus
945 1571 992 1614 N
993 1571 1124 1615 icena.
1188 1571 1274 1616 Sed
1295 1572 1408 1616 Acta

294 1640 342 1683 N
344 1640 475 1685 icenae
496 1639 647 1697 synodi
666 1654 753 1683 non
773 1638 944 1682 valuere
962 1638 1050 1681 diu.

238 1706 358 1751 Nm
379 1705 649 1751 Constantini
669 1720 884 1749 successor
903 1706 1075 1757 ὀμούσιον
1092 1703 1213 1755 illud,

296 1772 423 1816 Areii
442 1772 597 1822 fautor,
617 1771 756 1814 noluit
774 1786 865 1814 esse
878 1776 1032 1813 ratum.

242 1836 316 1882 Sic
333 1853 413 1882 nec
430 1837 614 1881 habebat
632 1836 771 1880 adhuc
789 1842 1054 1880 constantem
1073 1835 1267 1879 Ecclesia
1284 1851 1444 1895 pacem,

296 1904 394 1948 Nec
413 1911 574 1948 certam
593 1902 746 1946 Patres
766 1917 895 1959 quam
914 1902 1085 1946 voluere
1104 1902 1243 1946 fidem.

239 1971 328 2015 800.
358 1970 462 2014 Non
481 1977 596 2013 recte
617 1969 769 2012 Patres
788 1968 992 2026 mysteria
1010 1969 1148 2012 dicere
1167 1969 1308 2013 verbis

297 2037 555 2087 Tentarunt,
576 2036 728 2079 animis
746 2051 834 2079 non
853 2035 1056 2093 capienda
1074 2035 1175 2079 suis.

240 2102 444 2160 Namque
463 2101 678 2146 hominem
697 2117 789 2146 esse
808 2101 966 2153 Deum,
986 2101 1112 2145 factis
1131 2117 1382 2160 cognooeere
1396 2102 1518 2146 solis:

297 2169 497 2214 'festibus
517 2175 562 2212 et
580 2168 680 2211 solis
699 2183 870 2211 cernere
888 2167 1014 2219 sacta,
1033 2168 1146 2212 licet.
1552 2169 1636 2211 680

241 2234 378 2280 Facta
396 2234 644 2279 serebannu
663 2233 827 2278 Christi
846 2234 1050 2278 miracula
1066 2234 1215 2286 multa,

298 2302 347 2345 A
366 2300 455 2345 solo
472 2299 566 2343 fieri
585 2315 679 2355 quae
698 2306 875 2357 potuere
895 2299 1003 2344 Deo.

243 2366 327 2410 1112
343 2366 496 2418 quibus
515 2366 665 2410 mediis
683 2366 796 2409 fiunt
814 2366 1114 2424 comprendere
1133 2374 1276 2411 mente

299 2432 457 2484 Nemo,
476 2439 633 2491 praeter
651 2448 751 2477 eum
771 2433 847 2489 qui
866 2433 971 2477 facit
987 2432 1075 2484 illa,
1094 2440 1247 2491 potest.

243 2496 384 2542 Omne
402 2513 539 2556 genus
555 2498 693 2542 morbi
712 2498 833 2542 verbi
851 2498 1012 2542 virtute
1026 2498 1207 2556 fugavit,

300 2562 463 2607 Illum
444 2579 565 2620 jussa
575 2563 682 2608 levis
701 2565 876 2608 sustulit
889 2565 1004 2608 unda
1019 2580 1205 2623 gravem.

246 2629 371 2672 Illius
383 2628 439 2672 nd
457 2644 604 2673 vocem
621 2638 857 2687 posuerunt
873 2631 1007 2675 flabra
1024 2631 1211 2706 protervi

303 2694 455 2745 Venti,
475 2696 722 2752 compressis
740 2703 785 2740 et
804 2696 958 2740 siluere
975 2696 1139 2740 animis.

245 2759 476 2804 Ded-'unctis
494 2760 641 2812 vitam,
660 2761 837 2818 primtis
854 2762 1017 2806 lumine
1035 2762 1177 2806 visum

303 2825 529 2877 Restituit,
549 2826 709 2870 claudis
726 2842 831 2872 voce
849 2827 1115 2886 gradumque
1133 2826 1263 2871 dedit.
1552 2827 1637 2868 690
