1982 3204
561 299 819 339 CENSURA
844 299 1063 334 Bnuvxs.
1439 290 1502 333 53

119 415 251 479 Ergo
265 414 410 463 etiam
430 414 493 463 ad
511 421 698 463 motum
722 411 1027 462 efficiendum
1041 401 1274 459 conducit
1290 417 1501 474 tempus.
1545 426 1755 456 murm-no

118 490 381 540 Quomodo
406 499 598 554 tempus
615 496 778 554 potest
801 502 905 536 esse
923 494 1085 534 motus
1108 501 1255 534 causa
1272 486 1502 545 efficiens,
1625 481 1679 508 Ν·
1737 524 1746 537 ,

117 566 417 630 intelligisne
441 567 528 615 tu?
599 565 768 613 Etiam
785 564 885 612 vim
907 562 1164 610 moti-icem
1196 561 1261 609 ad
1290 576 1504 609 momen-

117 651 227 690 tum
266 641 432 699 refert,
472 656 582 705 quae
619 640 670 688 in
715 638 887 687 eodem
932 644 1160 685 movente
1196 652 1387 700 semper
1432 643 1506 684 est

119 716 308 766 eadem.
377 716 685 764 Momentum
718 723 884 762 autem
917 713 1134 776 ejusdem
1169 712 1426 769 moventis,
1449 719 1506 759 ut

113 807 270 857 supra.
291 793 474 850 monui,
497 791 728 839 variatur.
780 788 1130 837 Resistentiam
1147 795 1197 836 et
1222 787 1506 836 distantiam

116 866 183 916 ad
220 866 610 932 impedimentum
649 865 823 913 refert:
858 864 996 928 quasi
1033 863 1265 911 distantia
1291 878 1522 926 unquang-

119 950 309 991 motum
344 948 508 1006 posset
545 940 797 1004 impedire,
821 955 933 987 oum
971 938 1091 987 nihil
1128 938 1314 987 moveri
1349 938 1505 1002 possit
1524 927 1534 937 ²

119 1017 214 1067 nisi
236 1033 267 1067 a
290 1016 538 1080 contigua

653 1162 943 1197 DEFINITIO
989 1162 1042 1195 V.

194 1248 300 1299 Vim
317 1249 580 1307 matricem,
598 1248 677 1298 vel
689 1249 836 1297 etiam
855 1247 950 1296 vim
965 1246 1277 1313 simpliciter,
1294 1245 1507 1312 appello,

111 1325 382 1391 potentiam
405 1325 645 1389 efficiendi
663 1331 855 1373 motum.

186 1401 298 1450 Non
322 1401 465 1450 video
490 1401 814 1450 differentiam
850 1400 980 1447 inter
1003 1398 1340 1447 definitionem
1363 1397 1507 1456 hanc,
1559 1417 1567 1423 „

117 1483 170 1526 et
191 1476 325 1525 illam
347 1477 599 1535 momenti,
623 1476 716 1525 nisi
741 1475 963 1540 potentia
983 1474 1211 1524 movendi
1234 1473 1298 1522 ad
1320 1482 1509 1522 motum

118 1568 219 1602 non
242 1552 502 1601 conducat.

651 1681 941 1717 DEFINITIO
969 1681 1046 1715 VI.

188 1769 290 1817 Per
311 1775 503 1833 tempus
521 1768 752 1835 intelligo
771 1767 1006 1834 temporis
1028 1766 1254 1832 spatium,
1273 1764 1332 1813 id
1347 1764 1395 1812 in
1414 1779 1510 1829 quo

119 1851 277 1894 motus
300 1844 616 1910 transigitur.

188 1921 353 1969 Homo
377 1920 587 1983 ineptus,
611 1926 667 1967 ut
690 1917 841 1967 sciam
859 1915 1104 1982 quomodo
1127 1915 1357 1979 intelligit
1386 1922 1511 1963 tem-

118 2010 227 2060 pus,
250 1995 522 2059 intelligere
540 2009 592 2042 se
611 1993 734 2042 dicit
755 1993 990 2057 temporis
1012 1992 1249 2057 spatium:
1273 1991 1412 2055 quasi
1426 1990 1511 2054 qui

115 2079 312 2136 tempus
342 2071 460 2136 quid
496 2071 560 2119 sit
589 2070 762 2128 nescit,
796 2068 1072 2132 intelligere
1105 2067 1259 2132 possit
1294 2065 1413 2130 quid
1448 2066 1512 2114 sit

117 2147 354 2212 temporis
377 2146 605 2211 spatium.

605 2293 900 2329 DEFINITIO
926 2293 1028 2327 VII.

188 2381 542 2432 Resistentiam
566 2381 670 2429 eive
690 2379 785 2428 vim
816 2378 1100 2437 resistendi,
1118 2376 1393 2443 potentiam
1416 2391 1513 2423 mo-

121 2459 197 2508 tui
218 2458 540 2516 contrariam,
563 2457 666 2505 sive
687 2473 794 2521 quae
817 2455 967 2503 motui
989 2453 1199 2502 resistit.

185 2534 378 2583 Vitiosa
398 2541 487 2582 est.
558 2533 732 2596 Neque
755 2530 978 2595 potentia
996 2529 1143 2588 actui,
1167 2528 1219 2576 id
1242 2535 1318 2575 est
1339 2525 1511 2582 motui,

122 2609 370 2659 contraria
390 2624 498 2657 esse
529 2615 719 2672 potest:
755 2621 916 2670 neque
938 2605 1141 2653 verbum
1171 2603 1407 2651 resistere
1435 2601 1512 2648 in-

122 2692 256 2733 trare
277 2684 424 2733 debet
444 2684 495 2733 in
520 2683 855 2732 definitionem
878 2679 1186 2738 resistentiae,
1210 2694 1273 2726 ne
1297 2678 1359 2726 sit
1382 2676 1511 2724 idem

124 2775 215 2824 per
235 2758 380 2808 idem.

194 2834 488 2883 Resistentia
511 2841 600 2890 est,
633 2833 719 2881 ubi
750 2838 866 2880 sunt
889 2830 987 2879 duo
1024 2829 1224 2878 mobilia
1264 2827 1510 2889 contigua,

126 2918 331 2958 conatus
363 2909 593 2958 utriusvis
627 2907 826 2957 conatui
858 2906 1074 2964 alteriuS,
1110 2904 1308 2953 omnino
1340 2901 1418 2949 vel
1451 2915 1509 2947 ex
