1982 3204
491 272 551 306 IN
578 272 872 307 mensatim
902 271 1292 308 BALms‘chm.
1496 266 1584 310 311

204 383 512 433 successione
526 383 1032 447 constet,imaginatio
1047 398 1237 447 semper
1246 384 1430 448 aliquid
1445 385 1595 434 habet

203 459 255 508 in
274 475 325 508 se
342 468 584 523 praesente
603 460 753 524 prius,
773 459 902 524 quod
918 458 1002 507 ubi
1027 460 1115 506 sub
1140 460 1379 522 praeteriti
1403 461 1594 510 ratione

204 536 585 595 consideramus,
609 536 840 584 memoria
862 553 873 582 ι
897 535 1023 583 sicut
1047 535 1333 597 imaginatio
1356 538 1594 599 praeteriti

203 611 386 675 absque
410 611 800 659 consideratione
824 611 973 674 ipsius
1008 610 1377 673 phantasmatis,
1401 611 1595 671 thst

202 685 492 750 imaginaria
523 687 781 741 successio,
807 692 997 749 tempus
1034 685 1336 749 appellatur:
1378 686 1502 734 adeo
1538 695 1595 735 ut

201 760 332 810 idem
356 762 506 810 animi
540 770 716 820 motus,
742 762 804 809 ob
829 770 1039 824 quatuor
1075 761 1292 809 diversos
1326 769 1592 824 respectus,

202 837 404 885 nomina
427 845 636 901 quatuor
659 837 866 899 adeptus
890 836 967 884 sit.
1017 836 1312 899 Quanquam
1334 836 1595 885 fatendum

201 922 279 961 est
311 913 656 977 phantasmata
686 913 816 960 inter
853 911 1164 960 sentiendum
1201 912 1408 960 clariora
1446 928 1594 975 quam

201 988 287 1037 ubi
301 989 493 1052 objecta
508 989 738 1046 abeunt*,
748 988 811 1036 ob
826 1004 1066 1036 novorum
1082 989 1385 1051 objectorum
1401 1004 1594 1037 succes-

200 1065 387 1113 sionem
410 1064 460 1111 in
485 1064 649 1111 omnia
673 1079 900 1111 sensuum
925 1079 1127 1126 organa,
1146 1080 1255 1126 quae
1274 1063 1472 1127 quidem
1491 1080 1593 1114 non

197 1140 460 1190 destruunt
495 1147 682 1188 motum
717 1139 1094 1203 praecedentem,
1119 1140 1203 1202 qui
1227 1147 1469 1188 vetustate
1492 1155 1594 1188 non

200 1214 463 1272 evanescit,
504 1214 590 1262 sed
628 1214 995 1277 comparatione
1036 1214 1159 1262 latet
1180 1231 1190 1261 :
1226 1222 1282 1262 ut
1321 1230 1382 1262 ex
1419 1230 1593 1263 somno

199 1297 352 1353 patet,
377 1290 428 1338 in
453 1306 549 1354 quo
581 1290 958 1352 imaginationes
990 1306 1087 1338 non
1121 1290 1281 1338 minus
1310 1290 1454 1338 clarae
1478 1299 1594 1339 sunt

201 1381 348 1429 quam
371 1366 422 1413 in
447 1366 552 1429 ipsa
574 1366 814 1422 sensione,
836 1364 967 1428 quod
993 1373 1110 1413 tunc
1135 1364 1230 1413 alia
1248 1366 1468 1414 sensoria
1491 1383 1592 1414 om·

199 1456 312 1489 nem
336 1440 525 1490 aditum
549 1440 753 1504 objectis
772 1439 1090 1503 praecludant.
1161 1440 1385 1504 Cumque
1410 1440 1593 1489 dormi-

196 1516 388 1564 entium
410 1516 753 1580 phantasmata
781 1515 976 1563 initium
1011 1515 1273 1564 habuerint
1296 1532 1326 1563 a
1349 1516 1591 1576 sensione,

200 1591 396 1654 sintque
422 1599 583 1640 motus
606 1590 753 1649 idem,
778 1591 1010 1638 somnium
1034 1591 1128 1639 erit
1150 1591 1377 1655 quintum
1411 1607 1593 1641 nomen

201 1666 623 1730 imaginationum.

267 1742 456 1791 Rursus
478 1750 532 1791 ut
557 1742 608 1790 in
636 1741 819 1805 liquido
842 1741 988 1789 variis
1021 1741 1234 1789 motibus
1258 1741 1456 1790 turbato
1480 1758 1593 1790 nas-

199 1818 330 1866 citur
355 1827 518 1866 motus
542 1834 601 1865 ex
621 1816 825 1864 diversis
844 1816 1160 1880 composituS,
1179 1816 1250 1864 ita
1274 1817 1516 1880 contingit
1540 1818 1592 1866 in

198 1893 466 1957 spiritibus,
493 1893 712 1949 cerebro,
745 1901 794 1940 et
829 1892 993 1951 corde,
1018 1892 1149 1940 unde
1186 1892 1327 1956 plura
1362 1893 1593 1956 phantas-

199 1977 335 2022 mata
357 1969 407 2017 in
426 1985 578 2016 unum
598 1976 798 2016 coeunt:
824 1976 879 2015 ut
898 1969 956 2015 fit
973 1968 1023 2015 in
1042 1967 1392 2031 imaginatione
1410 1968 1591 2017 montis

200 2044 353 2104 aurei,
377 2052 426 2092 et
451 2043 672 2092 centauri
696 2042 830 2091 velut
853 2059 913 2092 ex
938 2059 1063 2106 equo
1089 2051 1138 2091 et
1170 2042 1367 2091 homine
1393 2060 1591 2107 compo-

197 2120 296 2168 siti.
346 2119 459 2168 Qua
473 2120 620 2167 etiam
636 2118 824 2166 ratione
840 2118 1123 2181 magnificas
1138 2118 1341 2166 heroum
1358 2119 1591 2178 actiones,

200 2195 490 2244 somniando
525 2194 603 2242 vel
638 2194 772 2242 inani
804 2193 978 2257 gloria,
1016 2193 1156 2241 nobis
1200 2193 1317 2256 ipsis
1358 2194 1592 2258 affingere

201 2285 486 2334 possumus:
518 2278 568 2317 et
600 2277 790 2316 sextum
822 2284 1001 2316 nomen
1021 2268 1283 2331 fictionum
1319 2278 1467 2332 atque
1481 2270 1592 2334 fig·

202 2351 465 2394 mentorum
490 2344 643 2392 motui
666 2344 824 2408 primo
849 2344 1136 2392 continuato
1159 2343 1407 2407 affingere.
1478 2345 1595 2393 Por-

198 2436 354 2483 toque
378 2420 639 2484 septimum
663 2436 842 2468 nomen
867 2420 1122 2468 discursus
1150 2420 1395 2469 continuae
1419 2421 1591 2484 imagi-

203 2494 456 2543 nationum
498 2495 656 2555 seriei,
698 2495 751 2543 in
791 2497 944 2559 quas*
979 2495 1106 2543 sicut
1142 2511 1282 2559 aquae
1313 2512 1424 2559 pars
1457 2506 1592 2545 mota

203 2577 395 2633 partem
412 2570 622 2619 vicinam
641 2570 777 2619 ducit
795 2578 844 2619 et
863 2571 1030 2628 trahit,
1047 2571 1118 2619 ita
1133 2571 1423 2635 phantasma
1439 2588 1591 2620 unum

204 2660 266 2692 ex
287 2644 383 2693 alio
406 2645 566 2694 vicino
590 2645 714 2695 solet
736 2646 868 2695 oriri.
918 2646 1045 2695 Sunt
1067 2654 1232 2695 autem
1257 2646 1416 2695 vicina
1438 2647 1591 2710 phan-

824 2855 847 2878 ⁸
878 2853 955 2895 Sic.
