1982 3204
165 379 359 406 OBJECTIO

177 433 345 460 ULTIMA.

164 480 355 502 ἓ-γὴκ

415 240 509 293 274
839 256 1218 292 onsncrloan
1247 258 1364 292 Ero.

480 365 678 422 crimen,
737 366 786 414 in
832 385 886 415 eo
931 369 1067 432 quod
1113 386 1356 433 nunquam
1403 369 1642 418 insomnia
1696 387 1802 418 cnm

477 441 683 505 reliquis
706 443 924 491 omnibus
957 443 1229 492 actionibus
1252 445 1366 492 vitce
1388 461 1419 493 a
1443 445 1672 493 memoria
1695 462 1805 494 con-

465 517 766 582 jungantur.

480 625 661 674 Quaero
698 634 864 674 utrum
902 628 965 675 sit
995 628 1089 675 hoc
1126 636 1333 687 certum,
1359 628 1493 692 quod
1529 628 1636 692 quis
1674 645 1801 677 som-

409 700 551 748 nians
592 717 643 749 se
690 702 915 750 dubitare
948 719 1011 750 an
1053 704 1264 751 somniet
1301 720 1473 763 necne,
1506 720 1606 752 non
1645 705 1802 768 possit

410 777 653 824 somniare
690 777 935 825 eohaerere
974 794 1115 825 suum
1157 779 1401 826 somnium
1431 796 1543 827 cum
1574 779 1696 827 ideis
1729 795 1800 827 re-

407 868 518 900 rum
548 852 697 916 longa
715 843 852 900 'serie
883 854 1259 916 praeteritarum.
1330 855 1381 903 Si
1405 863 1583 919 potest,
1610 871 1668 902 ea
1692 871 1801 919 quae

407 928 672 976 somnianti
705 929 933 976 videntur
973 946 1076 977 esse
1115 930 1333 978 actiones
1369 931 1483 979 vitae
1524 947 1626 979 suae
1663 938 1801 978 ante-

405 1011 545 1062 actae,
571 1011 777 1067 possunt
802 1005 990 1052 censeri
1013 1021 1102 1069 pro
1124 1007 1251 1054 veris
1282 1022 1382 1054 non
1406 1007 1566 1054 minus
1590 1023 1736 1070 quam
1760 1007 1802 1054 si

404 1079 645 1143 vigilaret.
722 1080 983 1139 Praeterea,
1031 1082 1278 1144 quoniam,
1321 1090 1377 1130 ut
1422 1082 1526 1146 ipse
1573 1082 1799 1140 affirmat,

405 1155 564 1203 omnis
606 1155 822 1203 scientiae
862 1156 1107 1204 certitudo
1149 1164 1200 1204 et
1243 1157 1420 1206 veritas
1459 1158 1520 1206 ab
1568 1173 1667 1205 una
1696 1158 1800 1205 veri

404 1230 497 1278 Dei
534 1231 814 1294 cognitione
854 1231 1054 1294 pendet,
1079 1232 1252 1280 atheus
1275 1233 1353 1280 vel
1387 1249 1488 1295 non
1515 1241 1680 1296 potest
1703 1233 1801 1281 col-

403 1306 555 1369 ligere
587 1322 638 1353 se
669 1306 873 1368 vigilare
913 1322 973 1354 ex
1014 1308 1251 1355 memoria
1284 1316 1524 1356 anteactae
1556 1308 1685 1367 vitae,
1721 1309 1799 1356 vel

402 1388 565 1445 potest
604 1381 777 1446 aliquis
813 1381 937 1429 scire
975 1398 1027 1430 se
1057 1382 1260 1447 vigilare
1298 1383 1403 1431 sine
1427 1383 1531 1431 veri
1564 1383 1657 1432 Dei
1686 1400 1799 1448 cog-

402 1457 606 1505 nitione.

932 1582 1266 1617 RESPONSIO.

468 1666 584 1715 Non
607 1674 772 1731 potest
808 1669 1057 1717 somnians
1081 1685 1139 1717 ea
1163 1686 1273 1734 quae
1304 1669 1517 1718 somniat
1540 1685 1653 1717 eum
1675 1669 1798 1718 ideis

401 1758 566 1790 rerum
612 1744 972 1807 praeteritarum
1013 1760 1185 1793 revera
1229 1752 1535 1802 connectere,
1577 1746 1797 1808 quamvis

401 1819 644 1867 somniare
686 1820 842 1883 possit
876 1836 926 1868 se
963 1828 1273 1870 connectere.
1345 1821 1469 1870 Quis
1494 1821 1626 1869 enim
1646 1829 1798 1885 negat

402 1893 727 1942 dormientem
748 1895 851 1947 falli
873 1912 1016 1961 posse
1037 1896 1054 1944 ἓ
1104 1897 1259 1961 Atqui
1276 1905 1448 1962 postea
1465 1906 1795 1961 experrectuS,

401 1985 618 2018 errorem
642 1987 783 2018 suum
806 1971 949 2019 facile
975 1972 1246 2036 dignoscet.

468 2045 638 2094 Potest
662 2062 778 2094 vero
817 2047 991 2095 atheus
1028 2048 1258 2112 colligere
1294 2064 1345 2097 se
1368 2048 1571 2112 vigilare
1605 2065 1666 2098 ex
1693 2064 1795 2097 me-

399 2121 558 2169 moria
602 2129 840 2170 anteactae
875 2123 1022 2171 vitae:
1059 2124 1145 2172 sed
1190 2140 1290 2172 non
1335 2131 1500 2188 potest
1539 2124 1664 2172 seire
1699 2124 1794 2172 hoc

401 2195 596 2259 signum
633 2198 854 2246 sufficere
886 2205 940 2246 ut
977 2206 1142 2247 certus
1180 2199 1246 2247 sit
1278 2215 1328 2247 se
1358 2215 1460 2248 non
1497 2215 1675 2259 errare,
1700 2199 1794 2248 nisi

401 2271 524 2321 sciat
548 2288 599 2321 se
622 2289 652 2321 a
674 2273 780 2322 Deo
804 2289 904 2322 non
927 2273 1127 2323 fallente
1151 2290 1255 2323 esse
1279 2281 1514 2324 creatum.

963 2592 1224 2611 1⁴
