1982 3204
782 252 1085 288 ratarum.
1598 237 1692 288 345

170 370 379 415 incumbit
397 386 510 415 cura.
572 371 671 415 Non
695 370 810 428 quod
836 371 1073 421 Thomistas,
1096 371 1304 420 Scotistas,
1327 378 1401 413 aut
1430 371 1570 415 nescio
1590 387 1698 428 quos

170 450 412 508 Seraphim
432 450 540 493 tanti
562 450 811 493 habeamus:
844 450 917 493 sed
938 448 1106 492 Nieaeni
1127 448 1290 499 Patres,
1309 450 1514 507 sapientia
1530 449 1695 502 Graeoa,

170 538 217 574 et
243 546 423 588 magnus
453 530 524 574 ille
557 531 824 574 Athanasius
853 529 1022 573 authori
1054 537 1200 572 nostro
1230 529 1399 572 horrida
1427 530 1540 576 bella
1568 530 1699 574 inter—

169 608 398 653 minantur.
461 610 528 653 At
566 610 791 653 dicendum
832 617 897 652 est
935 624 1032 652 eum
1072 609 1116 651 in
1156 608 1248 651 istis
1287 609 1531 669 mysterii-4
1533 610 1698 666 poetice

170 689 411 746 aliquando,
432 690 574 747 potius
595 706 720 746 quum
745 690 974 740 catholice,
990 689 1180 732 delirare.

231 768 317 814 Sed
337 785 438 813 vero
457 778 501 813 et
522 770 643 813 istius
664 770 806 813 saeculi
821 769 960 812 Divus
975 769 1045 812 ille
1063 767 1268 818 Hilarius,
1285 767 1338 810 ad
1355 767 1695 812 Constantinum¹

170 849 424 908 Augustum
455 851 575 901 libro,
605 851 750 894 eadem
775 850 980 906 queritur.
1042 855 1069 874 ‘⁶
1085 848 1257 893 Conscii
1286 863 1432 891 sumus
1460 849 1574 904 quod
1603 858 1700 906 post

171 929 439 973 “Nieaenam
461 930 682 987 Synodum
712 930 818 973 nihil
847 929 963 972 aliud
993 945 1121 985 quam
1150 928 1277 972 fidem
1307 928 1564 972 scribimus²:
1596 929 1698 971 dum

172 1013 200 1034 ‘⁸
219 1008 264 1052 in
284 1009 424 1052 verbis
453 1024 597 1066 pugna
616 1017 694 1059 est,
715 1009 818 1052 dum
838 1009 890 1051 de
910 1009 1172 1052 novitatibus
1199 1008 1380 1064 quaestio
1399 1015 1477 1058 est,
1501 1006 1623 1064 [dum
1646 1008 1699 1051 de

171 1094 199 1114 “
216 1088 427 1146 ambiguis
446 1089 608 1132 occasio
628 1097 705 1139 est,
726 1089 828 1131 dum
858 1089 910 1131 de
931 1088 1152 1131 autoribus
1182 1087 1355 1143 querela
1374 1086 1492 1145 est³,]
1524 1087 1625 1130 dum
1646 1087 1699 1131 de

171 1172 200 1193 ‘⁸
218 1167 370 1211 studiis
390 1175 603 1211 certamen
623 1175 701 1218 est,
717 1167 819 1210 dum
839 1167 884 1209 in
904 1183 1110 1210 consensu
1126 1166 1352 1209 difficultas
1371 1174 1450 1217 est,
1470 1166 1572 1209 dum
1592 1166 1701 1210 alter

171 1253 199 1274 ‘⁸
218 1248 341 1292 alteri
362 1248 604 1291 Anathema
623 1263 713 1291 esse
733 1248 875 1305 coepit,
897 1263 1026 1305 prope
1050 1248 1140 1304 jam
1160 1263 1283 1290 nemo
1305 1246 1468 1291 Christi
1487 1254 1566 1290 est.
1625 1247 1701 1290 In-

171 1333 200 1354 “
219 1329 347 1373 certis
366 1329 479 1372 enim
499 1327 786 1371 doctrinarum
808 1327 962 1370 verbis⁴
986 1342 1212 1384 vagamur:
1236 1335 1280 1369 et
1294 1334 1370 1368 aut
1383 1326 1485 1369 dum
1501 1327 1700 1370 docemus

172 1414 200 1434 “
220 1409 530 1467 perturbamur,
551 1416 627 1451 aut
646 1409 747 1451 dum
771 1408 971 1451 docemur
999 1423 1199 1451 erramus.
1261 1406 1454 1449 Proximi
1475 1392 1575 1450 anni
1595 1407 1700 1451 fides

172 1494 201 1516 “
219 1489 324 1546 quid
356 1489 663 1532 immutationis
690 1489 732 1531 in
764 1504 807 1532 se
837 1488 1015 1531 habet⁵?
1077 1488 1282 1538 Primum,
1318 1503 1416 1544 quae
1451 1488 1701 1531 Honwusion

172 1574 201 1594 “
219 1568 408 1612 decernit
437 1568 580 1619 taceri,
612 1583 794 1623 sequens
824 1566 987 1610 rursus⁶
1017 1567 1266 1610 Homousion
1300 1567 1490 1610 decernit
1520 1575 1565 1611 et
1593 1583 1702 1625 prae·

873 1647 887 1672 7

173 1655 202 1676 “
220 1650 359 1700 dicat3
390 1649 579 1700 tertium,
601 1664 697 1705 quae
727 1648 871 1690 Usiam
919 1648 1166 1705 simpliciter
1195 1664 1220 1690 a
1248 1648 1440 1705 patribus
1469 1664 1701 1706 praesump-

172 1735 202 1756 “
221 1737 307 1773 tam
326 1744 403 1787 per
421 1729 730 1786 indulgentiam
751 1735 938 1779 excusat,
960 1727 1178 1784 quartum⁸
1193 1743 1279 1771 non
1299 1736 1488 1780 excusat,
1509 1729 1583 1772 sed
1602 1744 1703 1772 con·

173 1815 203 1836 “
219 1809 404 1853 demnat-
465 1808 659 1851 Tandem
694 1823 745 1851 eo
779 1823 1020 1864 processum
1054 1806 1151 1859 est⁹‚
1191 1814 1244 1850 ut
1280 1823 1421 1864 neque
1448 1823 1579 1866 penes
1611 1824 1702 1860 nos,

173 1895 203 1916 “
220 1905 361 1947 neque
380 1905 510 1947 penes
530 1903 773 1945 quenquam
795 1895 893 1931 ante
922 1903 1011 1939 nos,
1042 1895 1237 1932 sanctum
1265 1888 1418 1932 exinde
1447 1889 1608 1946 aliquid
1627 1896 1704 1933 aut

174 1975 203 1997 “
221 1970 464 2014 inviolabile
493 1975 761 2027 perseveret:
793 1983 956 2011 annuas
984 1975 1115 2025 atque
1143 1975 1382 2012 menstruas
1401 1968 1454 2012 de
1482 1968 1579 2012 Deo
1597 1969 1703 2012 fides

174 2053 202 2073 “
219 2047 496 2098 decernimus,
527 2046 708 2090 decretis
738 2045 1007 2103 poenitemus,
1036 2044 1291 2102 poenitentes
1320 2044 1600 2096 defendimus,
1630 2045 1705 2089 de·

170 2133 203 2187 ⁴⁶⁶
220 2127 362 2172 fensos
388 2126 806 2177 anathematizamus,
837 2132 913 2169 aut
940 2125 986 2168 in
1016 2124 1171 2168 nostris
1199 2125 1349 2176 aliena,
1379 2132 1455 2168 aut
1483 2126 1527 2168 in
1556 2126 1704 2169 alienis

221 2329 234 2352 ¹
259 2331 534 2378 [Constantinum
545 2329 678 2364 scilicet
689 2329 910 2363 Constantini
959 2329 1057 2370 meri,
1072 2339 1142 2363 non
1161 2328 1321 2374 Hilarii]

175 2393 303 2441 Magni
322 2394 445 2430 filium.
492 2393 581 2428 Vide
609 2392 689 2427 Divi
710 2392 838 2427 Hilarii
856 2392 914 2427 Aa
1008 2393 1022 2413 ⁴
1045 2393 1083 2438 [⁵⁶
1095 2392 1231 2428 Incerto
1248 2394 1342 2428 enim
1352 2393 1588 2428 doctrinarum
1602 2398 1703 2428 vento

178 2458 414 2493 Constantium
453 2458 648 2503 Auqmtm
687 2455 776 2491 liber
814 2467 914 2502 quem
960 2455 1182 2502 vagamur.”]

178 2520 376 2556 Conse-atio
386 2521 458 2568 ipse
467 2521 625 2555 tradidit.
646 2519 776 2555 Hilarii
790 2519 916 2566 Opera,
1008 2521 1022 2540 ⁶
1040 2520 1077 2565 [⁸⁴
1083 2519 1107 2554 J
1109 2531 1167 2555 am
1179 2530 1258 2555 vero
1270 2521 1416 2566 proximi
1427 2521 1509 2555 anni
1522 2520 1608 2555 fides
1619 2520 1703 2567 quid

176 2584 236 2620 rol.
258 2586 358 2627 1570,
368 2587 456 2631 p.21
467 2582 513 2628 1.]
960 2583 1004 2618 de
1018 2584 1261 2619 immutatione
1277 2585 1312 2618 in
1329 2595 1366 2619 se
1381 2584 1485 2619 habet
1493 2583 1547 2628 ?’']

221 2648 237 2671 ¹
259 2647 451 2695 [⁸⁴conscii
480 2659 605 2683 sumus
634 2654 712 2695 post
734 2647 916 2683 Nicoenam
1009 2647 1025 2668 ⁸
1049 2649 1087 2695 [u
1100 2647 1251 2690 Rursus,
1264 2647 1387 2694 quae”.]

177 2710 358 2758 synodum
397 2710 484 2746 nihil
523 2711 622 2747 aliud
660 2722 767 2759 qnam
816 2711 920 2747 fidem
1014 2711 1028 2733 ‘¹
1046 2710 1165 2758 [Usia,
1177 2711 1211 2746 id
1224 2720 1273 2746 esi
1291 2714 1387 2747 οὐσία
1403 2712 1474 2746 sive
1487 2709 1705 2755 abeuntia-J

177 2773 328 2818 „tibin
1010 2774 1026 2794 ⁹
1050 2775 1087 2821 [⁸⁴
1100 2773 1275 2815 Qun-tum
1291 2774 1414 2820 μί’]

225 2836 239 2857 ⁸
264 2835 371 2883 [Hoc
384 2837 483 2872 uncis
495 2836 630 2873 inclusa
642 2838 743 2873 verba
755 2844 837 2874 sunt
849 2837 918 2884 1³5-
1010 2836 1025 2858 ⁶
1040 2838 1079 2883 [⁸⁶
1095 2836 1140 2872 Et
1154 2849 1221 2884 quo
1238 2837 1377 2873 tandem
1395 2848 1591 2883 processum
1604 2835 1706 2881 esst]
