1982 3204
698 310 998 345 ruffini-10.
1547 298 1610 349 97

91 430 273 480 habere
311 431 443 479 inter
487 446 539 478 se
585 430 840 486 rationem,
888 443 978 476 nec
1025 428 1296 490 comparari
1345 428 1614 476 secundum

91 510 422 574 quantitatem
445 508 650 572 possint.
721 507 906 570 Magna
940 506 1056 554 item
1082 504 1358 553 differentia
1381 515 1455 554 est
1489 506 1618 555 inter

92 586 312 635 radicem
349 586 539 635 numeri
579 582 822 649 quadrati,
864 592 915 631 et
956 583 1210 648 quadratae
1255 576 1447 646 figurae'
1473 584 1619 632 latus.

95 664 255 713 Radix
279 665 409 714 enim
434 673 508 712 est
532 678 777 722 numerus,
804 670 854 710 et
877 662 951 710 sui
982 661 1210 725 quadrati
1241 677 1353 724 pars
1376 662 1617 724 aliquota:

94 742 181 791 sed
203 742 334 791 latus
357 743 528 806 figurae
551 741 805 804 quadratae
822 755 935 804 pars
953 755 1052 787 non
1067 747 1159 787 est.
1220 739 1481 787 Innumera
1506 748 1619 788 sunt

95 819 338 884 quadrata
362 836 470 882 quae
493 819 710 866 numeris
733 819 894 866 efferri
926 834 1024 866 non
1063 825 1283 882 possunt,
1309 818 1393 880 qui
1430 819 1621 866 numeri

96 897 288 947 radices
319 898 477 947 nullas
506 897 717 945 habent:
753 896 840 944 sed
874 897 1045 960 figurae
1070 895 1323 959 quadratae
1357 894 1530 943 omnes
1553 896 1622 943 la-

98 984 208 1025 tera
230 976 430 1024 habent.
500 974 650 1024 Quod
674 975 715 1023 si
740 974 932 1023 dicatur
955 974 1171 1023 radicem
1196 974 1246 1022 in
1275 974 1371 1022 illis
1406 975 1622 1022 numeris

96 1052 477 1118 non-quadratis
501 1053 619 1101 satis
642 1068 797 1116 prope
821 1052 1057 1100 accedere
1081 1051 1345 1116 aliquando
1377 1051 1440 1099 ad
1460 1067 1625 1099 veram

97 1130 265 1181 lateris
296 1130 668 1194 longitudinem,
692 1146 886 1195 nempe,
918 1130 958 1178 si
989 1130 1119 1178 latus
1143 1129 1393 1178 dividatur
1426 1130 1477 1177 in
1513 1145 1627 1193 par-

97 1208 222 1259 tium
238 1224 498 1256 numerum
522 1209 642 1256 satis
665 1224 930 1272 magnum:
966 1223 1135 1255 verum
1160 1223 1260 1255 non
1285 1214 1377 1254 est.
1451 1207 1627 1254 Nullus

100 1287 232 1337 enim
250 1303 482 1336 numerus
506 1288 718 1351 partium
743 1287 861 1335 satis
884 1302 1092 1350 magnus
1117 1294 1224 1334 est:
1267 1286 1382 1350 quia
1418 1285 1629 1349 quadra-

99 1374 208 1416 tum
231 1365 338 1414 dari
365 1374 532 1430 potest
555 1366 689 1414 omni
726 1366 842 1414 data
876 1364 1218 1429 magnitudine
1253 1365 1427 1427 majus.
1499 1364 1630 1422 Nam

102 1442 235 1508 quod
258 1442 425 1492 deficit
446 1459 546 1491 uno
571 1443 695 1506 pede
719 1443 772 1491 in
801 1443 954 1491 latere
979 1451 1178 1491 centum
1202 1442 1408 1490 millium
1431 1442 1629 1506 pedum,

103 1521 301 1571 deficiet
324 1537 422 1569 una
444 1521 808 1570 semidiametro
833 1530 980 1570 terrae
1004 1521 1055 1569 in
1078 1521 1231 1569 latere
1255 1520 1465 1569 totidem
1489 1519 1632 1568 semi·

104 1600 457 1650 diametrorum
481 1608 643 1648 terrae.

174 1693 255 1727 lx.
291 1677 639 1742 Multiplicatio
680 1677 906 1726 divisoris
945 1693 1034 1742 per
1074 1678 1377 1742 quotientem
1413 1676 1634 1726 restituit

106 1756 336 1806 divisum.
406 1756 483 1804 Sit
502 1757 633 1804 enim
657 1756 840 1805 divisus
864 1761 928 1805 20
952 1772 1040 1819 per
1065 1762 1111 1815 5,
1137 1763 1187 1805 et
1209 1756 1435 1820 quotiens
1465 1755 1557 1802 erit
1584 1763 1632 1802 4.

108 1834 207 1885 Sed
229 1842 280 1883 et
302 1834 628 1898 multiplicato
655 1840 683 1882 5
708 1850 796 1898 per
819 1840 866 1893 4,
891 1834 1160 1898 productus
1184 1834 1279 1882 erit
1302 1849 1471 1882 rursus
1495 1838 1575 1881 20.

174 1929 232 1962 x.
268 1913 406 1961 Idem
430 1913 578 1960 etiam
602 1929 773 1961 verum
796 1913 941 1961 estin
965 1913 1181 1960 numeris
1199 1911 1394 1960 eosic-is.

178 1992 256 2041 Sit
278 1992 410 2040 enim
433 1991 752 2040 dividendum
786 1993 863 2040 4A
886 2008 976 2056 per
1006 1992 1106 2040 lA:
1142 2001 1333 2039 certum
1364 1998 1438 2039 est
1475 1991 1638 2054 quoti-

108 2078 272 2120 entem
296 2086 402 2118 esse
428 2070 522 2118 4A.
591 2071 723 2133 Ergo
746 2070 864 2133 quia
894 2070 1095 2129 divisor,
1118 2070 1451 2133 multiplicans
1475 2069 1637 2133 quoti-

111 2157 293 2207 entem‚
317 2147 481 2197 reddit
504 2149 713 2197 divisum
738 2149 832 2208 4A,
856 2149 1126 2213 productus
1162 2165 1263 2196 non
1301 2149 1394 2197 erit
1434 2150 1511 2209 (ut
1534 2164 1638 2195 ma-

110 2227 364 2276 thematici
405 2227 544 2274 multi
580 2229 779 2290 putant)
822 2234 851 2275 4
895 2227 1135 2291 quadrata
1173 2227 1235 2274 ab
1275 2227 1334 2284 A,
1359 2227 1460 2275 sive
1498 2226 1638 2273 4AA.

114 2303 350 2353 Similiter
371 2303 423 2351 in
455 2303 724 2361 additione,
748 2304 825 2352 2A
858 2313 910 2352 et
940 2305 1019 2353 2A
1054 2304 1242 2352 faciunt
1274 2306 1368 2353 4A.
1438 2304 1640 2351 Additio

114 2389 280 2430 autem
302 2380 508 2429 totidem
533 2381 797 2444 aequalium
821 2381 952 2430 idem
975 2382 1095 2431 facit
1118 2382 1251 2447 quod
1279 2382 1641 2446 multiplicatio.

117 2458 284 2508 Quare
307 2458 387 2507 2A
407 2458 734 2522 multiplicata
756 2475 846 2523 per
867 2460 947 2509 2A
968 2460 1158 2508 faciunt
1190 2468 1384 2508 tantum
1416 2461 1510 2518 4A‚
1542 2475 1642 2508 non

115 2541 147 2584 4
172 2535 415 2600 quadrata
436 2536 501 2584 ab
526 2537 586 2585 Α.

186 2627 271 2663 11.
306 2613 395 2662 Sin
440 2630 531 2678 pro
571 2630 626 2662 re
671 2623 930 2664 numerata
970 2623 1185 2679 ponatur
1230 2631 1353 2664 unus
1398 2628 1644 2669 numerus,

122 2691 262 2752 (nam
283 2698 341 2740 nt
363 2691 569 2740 aliarum
591 2708 774 2752 rerum,
798 2693 869 2742 ita
902 2709 1221 2742 numerorum
1259 2708 1492 2741 numerus
1529 2691 1646 2750 est),

118 2778 179 2818 ut
202 2768 400 2833 quando
420 2770 635 2834 quinque
657 2771 837 2820 binarii
860 2780 911 2820 et
943 2787 1070 2819 unus
1094 2771 1312 2819 binarius
1336 2766 1648 2832 multiplicati

121 2854 238 2895 sunt
267 2846 397 2895 inter
427 2863 496 2906 se,
526 2848 796 2912 productus
824 2850 932 2908 erit,
959 2866 1056 2897 non
1092 2849 1310 2912 quinque
1343 2846 1537 2903 binarii,
1562 2844 1650 2891 sed

123 2923 294 2973 decem
317 2923 510 2984 binarii,
534 2925 587 2974 id
618 2934 693 2975 est
716 2926 932 2991 quinque
956 2925 1147 2974 numeri
1171 2923 1415 2987 quadrati,
1439 2936 1649 2984 quorum

257 3016 384 3052 vot.
410 3017 464 3051 v.
1479 3014 1514 3047 Η
