1982 3204
377 258 475 302 408
942 267 1224 302 ffls‘romA.

434 377 636 429 Discutit,
658 384 703 421 et
723 378 859 422 varios
880 379 995 436 cogit
1014 379 1129 422 adire
1149 378 1274 421 locos.

380 442 451 487 Sic
470 459 581 487 nova
602 444 800 487 Saxonici
821 445 1014 487 exoriens
1035 444 1228 487 doctrina
1247 443 1433 486 Lutheri

434 511 647 554 Discussit
667 511 797 568 Papae
820 511 1036 568 spirituale
1051 512 1220 568 jugum.

376 576 594 634 Agricolis
614 577 746 634 igitur
761 578 898 620 missis
918 579 1062 620 ambos
1083 584 1173 619 arat
1194 576 1338 627 Indos,

435 644 603 700 Hisque
623 644 724 688 novi
743 644 908 700 imperii
929 643 1088 686 semina
1108 644 1252 686 condit
1272 643 1409 699 agris:

377 709 603 765 Tanquam
625 710 660 752 si
680 709 862 766 migrare
883 709 1000 759 velit,
1022 709 1250 765 sedemque
1270 709 1421 759 locare,

436 775 588 819 Secula
607 783 703 833 post
723 776 898 832 aliquot,
923 776 1127 819 fertiliore
1147 777 1251 818 loco.
1652 777 1765 816 2220

374 842 436 885 Et
455 842 579 885 Fidei
599 843 763 885 sontem
785 848 1031 898 surgentem
1051 842 1161 884 forte
1182 842 1390 885 videbunt

435 909 587 951 Monte
609 908 834 951 Potossino
855 908 996 951 secula
1016 923 1108 950 sera
1128 923 1318 950 sacrum:

373 974 468 1017 Nos
489 981 632 1017 autem
654 974 816 1018 Christi
835 974 1018 1031 populus
1038 973 1300 1030 portabimus
1320 974 1431 1017 istuc

431 1040 655 1084 Pontificis
676 1041 854 1097 pedibus
875 1040 991 1083 basia
1010 1040 1149 1082 danda
1167 1040 1290 1097 nigri.

375 1106 494 1161 Quas
514 1107 665 1149 habuit
684 1107 795 1150 tanti
816 1122 961 1149 causas
981 1106 1174 1149 Ecclesia
1193 1106 1348 1157 damni,

431 1173 732 1230 Tingendique
752 1189 863 1216 novo
883 1173 991 1216 retia
1011 1173 1120 1215 sicca
1139 1172 1275 1215 mari?

373 1240 452 1282 Pr.
489 1239 654 1282 Dicam.
719 1239 951 1290 Saevitiem,
972 1239 1145 1289 fastum,
1166 1239 1355 1295 gladium
1376 1236 1648 1287 Mahometis,

431 1305 738 1362 Contemptum
758 1321 921 1362 regum,
943 1304 1142 1361 dogmata
1163 1304 1301 1354 surda,
1323 1310 1462 1360 typos.

372 1372 459 1414 Sec.
494 1371 610 1415 Scire
631 1372 760 1414 etiam
781 1371 905 1427 cupio
927 1370 1124 1414 Christus
1145 1370 1227 1421 cui,
1249 1385 1346 1426 quae
1366 1369 1552 1420 facienti,

428 1437 576 1480 Donat
595 1438 754 1480 foelices
774 1444 818 1480 et
838 1437 927 1480 sine
947 1437 1032 1480 fine
1052 1436 1153 1479 dies.
1650 1437 1764 1476 2230

371 1504 452 1546 Pr.
484 1503 688 1547 Foelicem
708 1505 800 1547 fore
822 1502 1022 1547 Christus
1042 1503 1103 1546 ait
1122 1502 1198 1558 qui
1217 1517 1301 1545 non
1321 1502 1431 1559 petit
1451 1502 1549 1553 alta,

431 1569 672 1614 Contentus
692 1570 838 1627 paucis
858 1569 1087 1612 ambitione
1107 1569 1279 1626 procu13

373 1635 547 1692 Quique
568 1636 624 1678 sit
643 1636 814 1693 ingenio
833 1635 950 1678 mitis
970 1651 1048 1679 nec
1068 1651 1227 1692 pronus
1247 1635 1300 1678 ad
1319 1634 1425 1677 iram
1441 1651 1452 1685 3

429 1702 518 1756 Qui
539 1702 643 1745 sorti
663 1702 836 1745 alterius
857 1702 1198 1758 compatiturque
1218 1700 1361 1751 malae;

370 1769 532 1812 Vivere
554 1769 629 1825 qui
645 1770 762 1825 juste
781 1775 874 1812 toto
894 1769 1114 1811 conamine
1135 1767 1300 1818 tendit3

426 1835 488 1878 Et
507 1842 681 1891 peccata
700 1835 837 1878 libens
857 1834 1034 1892 corrigit
1052 1834 1142 1891 ipse
1163 1849 1238 1876 sua
1255 1851 1267 1884 3

370 1900 457 1946 Cor
477 1902 632 1958 quibus
653 1908 718 1944 est
737 1901 957 1952 mundum,
979 1901 1246 1958 simplexque
1266 1899 1362 1943 dolo
1383 1898 1472 1942 sine
1493 1898 1632 1955 turpi;

426 1967 488 2010 Et
508 1968 583 2024 qui
603 1974 814 2011 certantes
834 1968 1058 2011 conciliare
1078 1967 1248 2017 studet3

369 2033 430 2076 Et
450 2034 526 2089 qui
545 2034 756 2077 condonat
775 2033 911 2077 facilis
931 2040 1104 2090 peccata
1123 2033 1285 2083 aliena3

427 2099 579 2155 Atque
599 2100 740 2143 animo
760 2100 796 2143 si
816 2100 912 2156 quis
932 2100 1018 2143 fert
1037 2115 1113 2143 sua
1132 2099 1287 2142 damna
1305 2099 1427 2141 bono.
1647 2097 1759 2139 2240

368 2164 568 2221 Denique
589 2167 730 2211 salvus
751 2166 833 2210 erit
854 2166 1048 2222 quisquis
1067 2171 1241 2223 peccata
1261 2179 1337 2207 sua
1355 2164 1446 2207 odit

426 2229 628 2277 Corditus
640 2249 652 2284 3
684 2239 728 2277 et
749 2232 911 2278 Christi
931 2232 1074 2276 fixerit
1093 2232 1166 2275 illa
1185 2230 1311 2275 cruci.

995 2587 1122 2620 FINIS.
