1982 3204
756 249 1199 284 nccnzsusncA.
1574 245 1663 289 391

282 357 397 401 Nam
417 373 515 401 cum
536 357 805 415 naufragium
825 373 946 415 passa
965 364 1031 400 est
1046 357 1240 401 Romana
1260 367 1446 416 potestas

341 422 415 466 Ad
435 424 627 481 scopulos
648 432 825 475 nostros,
840 426 1025 481 juraque
1046 425 1299 480 perdiderat,

281 489 465 533 Evascre
486 499 625 533 tamen
648 491 824 547 praelati,
841 498 886 534 et
905 490 1116 547 smgmina
1135 506 1270 547 pauca

339 556 527 612 Antiqui
541 557 652 613 juris
672 557 788 600 salva
807 557 943 600 tulere
964 556 1041 599 sui.

284 621 378 666 Hoc
397 622 563 665 lucrum
583 622 777 679 quamvis
797 638 885 665 non
903 637 1107 680 magnum
1127 624 1353 680 presbyter
1372 624 1530 669 illis-

338 687 524 738 Invidet,
546 696 591 731 et
611 696 774 744 partem
794 688 950 731 clamat
969 688 1123 731 habere
1145 704 1294 732 suam..

279 753 484 811 Dumque
503 754 565 797 illi
585 754 696 798 bello
716 763 882 798 certant
900 754 953 797 de
972 754 1207 812 relligione,

335 819 367 862 J
371 834 421 862 us
440 820 562 876 regni
582 819 764 876 populus
784 827 920 863 certat
938 820 1094 863 habere
1114 820 1208 863 sibi.

278 884 324 928 N
327 900 382 928 on
402 894 494 928 erat
513 886 558 928 in
578 886 704 943 culpa
722 886 855 929 divini
872 886 999 930 lectio
1021 886 1154 937 Libri,

336 951 382 994 N
383 966 431 995 ec
451 967 633 995 vacuum
653 959 719 996 est
738 953 896 1009 populo
917 953 1026 995 ruris
1045 953 1191 996 adesse
1210 952 1344 997 libris.
1561 959 1671 998 1580

280 1016 366 1062 Sed
384 1018 509 1061 redeo
528 1018 737 1061 Romam:
770 1034 867 1075 quae
887 1019 947 1062 nil
967 1019 1049 1061 nisi
1067 1019 1228 1077 grande
1243 1019 1513 1076 sepulchrum
1533 1029 1611 1074 est,

334 1082 396 1127 Et
416 1083 535 1141 Papa
553 1084 606 1127 ad
627 1085 839 1128 tumulum
862 1085 1044 1130 Caesaris
1065 1087 1217 1129 umbra
1235 1086 1411 1138 minax¹,

276 1149 481 1208 Regnans
500 1151 545 1193 in
567 1152 752 1195 tenebris
772 1167 879 1208 quas
898 1152 1070 1203 fecerat,
1091 1160 1137 1196 et
1156 1152 1260 1196 facit
1278 1153 1382 1210 ipse,

333 1218 666 1275 verborumque
685 1219 793 1263 dolis
813 1220 930 1278 regia
943 1220 1043 1277 jura
1063 1228 1223 1278 petens.

276 1285 450 1328 Nicenae
474 1284 638 1342 Synodi
659 1285 862 1329 Patribus
882 1295 1147 1330 concesserat
1165 1287 1268 1330 olim

334 1351 431 1395 Rex
452 1351 775 1404 Constantinus,
797 1353 871 1396 sed
890 1353 1071 1396 nimium
1090 1361 1266 1404 temere,

278 1418 344 1461 Ne
364 1417 487 1462 Fidei
507 1419 604 1462 lites
623 1419 706 1463 alio
725 1420 806 1463 sub
821 1419 965 1475 judice
979 1419 1109 1462 finem

335 1484 592 1542 Acciperent
612 1493 764 1542 praeter
783 1485 1003 1542 spirituale
1024 1485 1179 1528 forum.

276 1549 364 1594 Pro
384 1566 442 1601 se,
462 1550 651 1606 dumque
670 1559 936 1594 mererentur
955 1558 1220 1594 concesserat
1239 1551 1333 1595 ille:

335 1615 398 1659 Hi
417 1631 582 1673 semper
601 1624 795 1673 poscunt,
817 1624 862 1659 et
882 1616 1005 1672 quasi
1018 1618 1116 1673 jure
1136 1632 1225 1660 suo.
1561 1620 1669 1659 1590

275 1681 345 1725 De
363 1682 501 1726 causis
520 1682 646 1726 Fidei
666 1690 833 1726 tantum
854 1690 1119 1726 concesserat
1136 1683 1236 1726 ille:

333 1748 414 1792 Isti
434 1749 624 1806 personis
643 1749 886 1806 applicuere
906 1749 1006 1792 suis.

273 1813 418 1857 Desiit
435 1829 490 1857 ex
510 1814 583 1857 illo
596 1815 686 1871 jam
707 1814 835 1871 longo
864 1821 1054 1872 tempore
1073 1814 1211 1858 clerus

332 1879 580 1923 Formidare
600 1881 735 1923 minas
757 1879 951 1932 Caesaris,
973 1888 1104 1936 atque
1124 1879 1264 1923 forum
1283 1896 1294 1922 x

274 1946 322 1989 N
323 1962 372 1990 ec
390 1946 443 1990 de
463 1946 712 1990 criminibus
733 1947 825 1990 vult
845 1947 1099 2004 respondere
1119 1954 1296 1990 vocatus

332 2012 484 2056 Coram
504 2012 620 2056 civili
633 2013 778 2067 judice
797 2012 1034 2056 clericulus.

274 2077 367 2124 Cur
384 2079 404 2121 ⁴?
463 2078 580 2134 Quia
599 2078 761 2122 Paulus
779 2079 853 2129 ait,
876 2085 904 2103 ‘⁴
918 2078 1077 2122 Nonne
1096 2078 1210 2121 inter
1229 2084 1395 2120 vosmet
1413 2076 1581 2121 habetis

331 2150 359 2170 “
382 2144 556 2188 Solvere
577 2145 652 2200 qui
661 2146 779 2201 juste
792 2145 938 2202 jurgia
956 2151 1098 2188 vestra
1116 2144 1223 2187 sciat
1232 2144 1275 2186 ?”

273 2212 360 2255 Soc.
394 2210 505 2266 Quae
526 2210 647 2255 Deus
667 2211 846 2254 indulsit
864 2211 1026 2254 crudeli
1039 2211 1140 2268 jura
1159 2211 1239 2253 sub
1258 2209 1393 2261 hoste,

330 2275 435 2320 Non
454 2277 601 2320 eadem
624 2276 791 2320 Sanctis
811 2292 977 2334 semper
995 2276 1188 2319 habenda
1206 2276 1337 2319 dedit.
1558 2278 1667 2318 1600

273 2340 437 2386 Vivere
458 2342 530 2386 vix
550 2342 684 2386 licuit.
746 2342 896 2386 Licuit
909 2344 983 2399 jus
1001 2342 1172 2385 dicere?
1234 2341 1403 2392 Sancte,

330 2407 463 2452 Nunc
482 2423 668 2464 quoque,
684 2408 721 2452 si
740 2409 947 2465 placeant,
967 2408 1111 2465 accipe
1130 2415 1363 2463 utrumque
1381 2405 1522 2450 simul.

274 2473 356 2516 Pr.
389 2471 438 2517 Si
455 2473 540 2524 fur,
560 2474 596 2517 si
616 2474 740 2525 latro,
761 2474 797 2517 si
817 2474 1005 2517 moechus
1024 2473 1202 2517 clericus
1220 2481 1346 2524 esset,

330 2538 503 2597 Regum
516 2539 691 2596 judiciis
709 2539 954 2598 eripiendus
972 2546 1076 2583 erat.

277 2603 407 2657 Sique
424 2620 550 2648 suum
569 2604 734 2663 Regem
747 2606 989 2664 jugulasset
1007 2605 1200 2663 proditor
1217 2604 1371 2662 ipsum,

333 2670 429 2713 Aut
446 2670 713 2727 compilasset
730 2671 908 2715 delubra
925 2679 1071 2715 sancta
1096 2670 1204 2714 Dei:

275 2734 403 2779 Tunc
421 2735 719 2780 moderabatur
736 2752 886 2794 poenas
906 2736 1101 2780 Ecclesia
1111 2735 1263 2793 judex,

594 2868 602 2886 ¹
620 2868 729 2916 [Vide
747 2870 978 2913 stiumx,
993 2870 1150 2916 Anglice‚
1167 2867 1344 2915 p.697-8.]
