1982 3204
156 388 246 415 CAP.
264 389 320 415 XI.

146 434 337 455 &vd

400 251 496 294 202
708 262 999 296 PRINCIPIA
1028 263 1093 295 ET
1121 262 1493 296 PROBLEMATA

399 379 693 432 straverunt,
709 374 796 422 sed
819 374 980 438 logica
1002 374 1215 422 naturali
1234 374 1494 422 veritatem
1516 371 1795 420 futurorum

132 473 362 504 „mmmmm
399 463 602 510 operum
626 449 979 512 praevidebant,
1000 465 1279 513 quanquam
1303 449 1385 496 alii
1408 455 1580 512 postea
1603 448 1794 496 curiose

130 517 209 545 tione
214 538 220 545 .

398 523 451 570 id
472 523 696 572 fecerunt
720 541 778 572 eo
803 525 966 572 animo
1002 532 1059 572 ut
1096 524 1365 572 multorum
1398 524 1586 571 animos
1617 522 1682 571 ad
1716 538 1795 570 re·-

396 614 507 646 rum
531 599 724 647 utilium
743 601 1076 648 inventionem
1097 601 1386 648 excitarent.
1440 598 1794 662 Proportiones

397 689 593 737 quoque
618 675 831 738 quinque
867 691 1131 738 corporum
1174 674 1487 738 regularium,
1519 683 1576 722 ut
1611 673 1662 721 in
1690 673 1794 737 epi-

393 759 668 811 grammate
709 751 880 799 Graeco
919 751 1076 798 veteri
1122 751 1318 813 legitur,
1359 750 1548 797 invenit
1596 749 1794 812 quidem

395 825 714 888 PythagoraS,
733 826 1088 874 demonstravit
1106 834 1269 873 autem
1286 826 1441 883 Plato,
1459 832 1507 872 et
1527 833 1637 888 post
1655 825 1793 872 illum

398 901 572 962 (Elem.
590 902 662 962 iii)
685 902 928 949 Euclides.
1000 901 1217 949 Platonis
1243 900 1598 948 demonstratio
1622 899 1792 948 nullo*

394 984 547 1025 extat.
619 977 789 1040 Itaque
822 976 1082 1025 commoda
1114 976 1197 1024 illa
1228 977 1430 1023 inventa
1460 975 1680 1038 pluribus
1716 975 1792 1023 in-

392 1052 696 1110 ventoribus,
724 1068 932 1115 quorum
971 1052 1171 1100 nomina
1211 1051 1380 1114 paucis
1416 1051 1634 1114 exceptis
1659 1067 1791 1098 nunc

391 1129 598 1191 periere,
637 1127 903 1175 debemus:
951 1143 1051 1175 non
1093 1126 1585 1175 demonstratoribus.
1657 1125 1791 1175 Quid

393 1219 526 1266 ergo,
543 1203 794 1250 inutilisne
819 1211 894 1251 est
917 1201 1306 1250 demonstratio?
1361 1201 1566 1249 Minime
1591 1201 1790 1264 quidem

390 1279 485 1326 illis
510 1278 594 1341 qui
614 1278 881 1326 docentur:
916 1278 1081 1325 doceri
1100 1286 1264 1325 autem
1290 1294 1389 1324 non
1413 1293 1606 1340 magnae
1630 1277 1789 1326 laudis

391 1369 497 1401 esse
520 1354 748 1412 arbitror,
775 1369 1055 1417 quanquam
1078 1353 1238 1416 ipsum
1263 1352 1455 1410 docere,
1481 1352 1628 1400 modo
1654 1362 1789 1402 recte

391 1437 440 1477 et
457 1429 562 1476 sine
581 1429 824 1487 mercede,
840 1429 1163 1477 honorificum
1183 1429 1263 1476 sit.
1318 1428 1415 1476 Sed
1434 1428 1788 1478 demonstratio

390 1505 607 1552 scientiae
639 1505 844 1568 alicujus
880 1505 1055 1568 amplae
1087 1512 1136 1552 et
1166 1512 1312 1552 antea
1346 1504 1598 1567 ignoratae,
1624 1519 1788 1554 nonne

387 1596 617 1643 magnam
651 1589 867 1628 meretur
899 1579 1147 1644 gratiam?
1217 1580 1322 1628 Ita:
1360 1580 1447 1628 sed
1471 1579 1554 1642 qui
1584 1579 1636 1627 id
1658 1579 1789 1628 fece-

390 1656 471 1713 rit,
490 1656 684 1704 utilium
708 1656 1048 1704 inventoribus
1068 1655 1464 1704 adnumerandus
1484 1663 1571 1703 est.
1621 1655 1787 1719 Atque

391 1732 453 1779 ob
478 1732 606 1780 hanc
631 1748 827 1780 causam
852 1732 1058 1780 debetur
1081 1731 1274 1779 Euclidi
1296 1732 1470 1794 gratia,
1491 1731 1575 1794 qui
1598 1731 1788 1780 metho-

391 1806 507 1855 dum
529 1807 913 1866 demonstrandi,
928 1807 979 1854 id
1004 1815 1079 1855 est
1097 1808 1221 1855 bene
1239 1806 1581 1865 ratiocinandi,
1600 1806 1785 1859 mundo

382 1882 614 1931 ‚exhibuit
655 1883 873 1931 omnium
911 1883 1115 1946 primus.
1185 1883 1428 1931 Maximas
1465 1882 1663 1947 quidem
1699 1883 1785 1932 de-

390 1958 495 2005 beri
518 1958 702 2021 gratias
727 1959 1045 2007 consentiunt
1069 1975 1238 2007 omnes
1262 1959 1371 2019 illis,
1397 1959 1482 2021 qui
1504 1958 1785 2007 hominibus

390 2033 619 2081 authores
658 2034 804 2097 primi
850 2042 988 2082 erant
1030 2042 1085 2082 ut
1122 2051 1173 2082 se
1216 2035 1557 2083 consociarent
1602 2034 1783 2098 unique

382 2109 623 2172 ,potestati
660 2125 862 2157 summae
903 2109 1102 2157 obedire
1142 2110 1271 2158 inter
1312 2126 1363 2158 se
1399 2110 1782 2173 paciscerentur.

382 2184 640 2234 ,Proximas
670 2185 862 2233 habebo
891 2185 1001 2243 illis,
1033 2186 1117 2249 qui
1154 2185 1351 2234 eosdem
1380 2185 1601 2234 homines
1634 2193 1782 2249 pacta

390 2275 477 2308 sua
500 2276 561 2308 ne
585 2260 767 2308 violare
789 2260 942 2308 velint
963 2261 1344 2323 persuadebunt.

454 2335 620 2383 Tertio
643 2335 752 2383 loco
768 2335 828 2383 de
848 2335 1262 2383 demonstratione
1283 2336 1586 2398 interrogare
1605 2334 1780 2399 aliquis

388 2417 568 2474 potest,
603 2410 730 2475 quid
759 2410 842 2458 sit.
912 2410 1394 2459 Demonstrationem
1431 2410 1649 2474 plerique
1687 2427 1780 2460 nec

386 2486 633 2535 immerito
667 2501 842 2534 vocare
879 2485 1038 2534 solent
1083 2486 1310 2534 veritatis
1357 2486 1407 2533 in
1453 2485 1779 2550 qualicunque

385 2561 654 2627 quaestione
698 2560 850 2609 dubia
892 2561 1241 2626 probationem
1287 2561 1568 2609 evidentem.
1649 2562 1778 2610 Satis

385 2638 516 2686 enim
552 2637 939 2685 demonstratum
969 2637 1061 2685 sibi
1094 2637 1429 2700 unusquisque
1453 2644 1610 2699 putat,
1636 2638 1777 2700 cujus

385 2714 575 2762 animus
605 2713 664 2762 iis
701 2729 809 2776 quae
840 2712 902 2761 ad
943 2713 1285 2776 probationem
1323 2713 1599 2776 allegantur
1633 2713 1775 2777 plene

861 2879 883 2903 '¹'
905 2878 971 2919 Sic
1007 2880 1098 2918 edit.
1124 2878 1236 2918 1674.
