1982 3204
447 295 511 339 50
782 303 1044 338 RosETUM
1073 301 1499 338 GEOME'rmcUM.

516 417 764 466 Quoniam
788 418 918 465 enim
943 416 1237 479 quadratum
1261 415 1322 463 ab
1341 414 1433 463 AB
1453 421 1527 463 est
1550 415 1614 464 ad
1631 415 1838 480 quadra-

391 517 431 544 ἡ.
449 499 554 540 tum
577 509 606 540 a
631 493 738 551 ΒΧ,
763 493 863 540 sive
883 491 981 549 BT,
1002 498 1058 539 ut
1079 497 1107 538 3
1127 490 1189 538 ad
1211 496 1251 548 1,
1269 496 1319 538 et
1337 490 1629 553 quadratum
1647 507 1677 539 a
1693 491 1838 539 semi-

406 570 430 589 ⁰·
449 567 694 630 diagonali
730 566 799 614 BI
835 576 910 614 est
945 565 1200 614 dimidium
1238 565 1464 628 quadrati
1500 566 1562 613 ab
1595 565 1709 613 AB:
1743 567 1839 615 erit

450 643 742 706 quadratum
767 659 797 690 a
820 641 889 689 BI
913 642 976 689 ad
1000 640 1292 704 quadratum
1316 657 1346 688 a
1369 639 1458 687 BT
1487 649 1544 689 ut
1574 640 1618 701 1}-
1633 641 1697 690 ad
1725 648 1767 701 l,
1786 642 1838 690 id

450 726 542 777 est,
565 726 622 766 ut
643 724 672 766 3
697 717 759 765 ad
783 723 831 765 2.

514 793 604 841 Est
627 801 791 840 autem
808 792 1055 840 trilineum
1075 789 1303 839 ABCLA
1321 790 1385 839 ad
1401 790 1638 839 bilineum
1656 790 1839 841 ALCA

446 875 504 916 ut
527 875 556 916 2
581 868 645 916 ad
671 874 722 915 3:
748 867 879 931 quod
903 867 971 914 sic
997 866 1219 914 ostendo.

514 943 739 991 Gnomon
763 941 913 989 YBM
937 949 1013 989 est
1032 941 1204 1004 quinta
1226 957 1340 1005 pars
1360 941 1588 1005 quadrati
1613 940 1836 1001 DYQM,

446 1018 499 1066 id
521 1027 610 1076 est,
635 1019 806 1081 quinta
828 1033 941 1080 pars
965 1017 1251 1081 quadrantis
1275 1016 1429 1066 DAO.
1501 1018 1668 1066 Quare
1686 1018 1836 1066 etiam

446 1093 694 1142 trilineum
704 1091 930 1141 ABCLA
945 1101 1018 1140 est
1037 1092 1210 1155 quinta
1227 1107 1356 1156 pars,
1377 1092 1478 1141 sive
1495 1092 1601 1140 duae
1617 1093 1836 1152 decimae,

447 1169 673 1233 quadrati
698 1167 892 1216 ABCD.
963 1167 1054 1216 Est
1084 1176 1251 1216 autem
1282 1168 1582 1232 triangulum
1605 1168 1739 1217 ABC
1763 1168 1839 1216 di-

446 1245 667 1302 midium,
708 1244 809 1292 sive
856 1244 1072 1307 quinque
1113 1243 1332 1303 decimae,
1371 1245 1601 1308 quadrati
1638 1243 1836 1294 ABCD.

447 1319 546 1367 Sed
576 1320 820 1383 quadrans
853 1318 989 1368 DAG
1025 1327 1100 1367 est
1125 1327 1336 1383 quatuor
1364 1320 1567 1384 quintae,
1593 1320 1695 1369 sive
1722 1328 1837 1369 octo

446 1395 664 1451 decimae,
721 1393 950 1457 quadrati
1001 1393 1198 1443 ABCD.
1279 1395 1370 1443 Est
1425 1411 1543 1459 ergo
1599 1395 1838 1444 bilineum

446 1469 628 1519 ALCA
651 1477 749 1518 tres
773 1469 976 1518 decimae
1001 1469 1230 1532 quadrati
1254 1469 1452 1520 ABCD.

511 1547 602 1593 Est
624 1546 778 1609 igitur
800 1546 926 1593 ratio
950 1545 1135 1594 trilinei
1166 1545 1230 1594 ad
1261 1546 1497 1594 bilineum
1531 1545 1703 1595 eadem
1728 1561 1838 1609 quae

446 1628 476 1670 2
496 1621 559 1669 ad
575 1627 627 1669 3:
652 1621 704 1668 id
722 1628 811 1676 est,
827 1621 1080 1684 reciproca
1097 1621 1303 1669 rationis
1319 1629 1425 1669 tum
1443 1621 1839 1684 magnitudinum

447 1696 644 1756 ALCA,
671 1695 911 1756 ABCLA,
935 1704 1043 1745 tum
1066 1696 1418 1760 quadratorum
1443 1696 1530 1755 BI,
1555 1695 1658 1744 BT.
1714 1696 1839 1745 Jun-

446 1781 593 1836 gatur
615 1772 700 1820 AF
730 1788 900 1820 secans
938 1772 1246 1836 diagonalem
1278 1770 1369 1820 BD
1393 1773 1446 1821 in
1470 1788 1517 1820 α.
1590 1772 1839 1822 Quoniam

447 1863 563 1910 ergo
588 1846 678 1895 AB
703 1855 778 1896 est
801 1847 950 1911 dupla
973 1847 1074 1907 BF,
1094 1854 1144 1896 et
1165 1847 1374 1911 angulus
1394 1846 1527 1896 ABF
1551 1863 1582 1896 a
1604 1855 1742 1896 recta
1763 1846 1840 1897 Ba

448 1923 630 1971 divisus
674 1923 915 1983 bifariam,
962 1923 1058 1972 erit
1104 1924 1184 1972 Aa
1233 1923 1382 1988 dupla
1428 1924 1516 1972 aF.
1584 1923 1674 1972 Est
1718 1939 1838 1987 ergo

446 2005 683 2062 punctum
702 2016 734 2046 a
753 2006 976 2048 centrum
993 1999 1250 2063 gravitatis
1270 1999 1422 2048 totius
1437 1999 1670 2063 trianguli
1687 1998 1836 2048 ABG.

516 2074 718 2122 Secetur
743 2074 819 2123 aT
842 2075 1068 2123 bifariam
1102 2075 1155 2123 in
1184 2074 1228 2135 b,
1255 2084 1574 2139 sumaturque
1598 2091 1660 2123 ac
1689 2075 1838 2139 tripla

447 2148 536 2206 Tb,
561 2149 718 2213 sitque
742 2157 965 2199 centrum
987 2150 1126 2199 librae
1144 2167 1191 2199 a.
1237 2150 1346 2198 Erit
1369 2167 1488 2215 ergo
1505 2158 1562 2199 ut
1585 2150 1836 2199 trilineum

448 2223 674 2273 ABCLA
696 2225 759 2273 ad
792 2226 1028 2274 bilineum
1053 2224 1250 2285 ALCA,
1275 2226 1328 2274 id
1362 2234 1439 2274 est
1468 2234 1526 2275 ut
1549 2232 1579 2275 2
1605 2225 1669 2274 ad
1694 2231 1741 2286 3,
1765 2226 1837 2275 ita

448 2300 696 2363 reciproce
720 2318 780 2349 ca
803 2301 867 2350 ad
889 2303 978 2359 αΤ,
1002 2317 1178 2366 nempe
1202 2307 1259 2350 ut
1283 2307 1312 2349 3
1336 2301 1400 2350 ad
1424 2308 1472 2350 2.
1541 2302 1631 2350 Est
1654 2317 1773 2365 ergo
1797 2301 1841 2350 T

448 2382 671 2423 centrum
713 2377 971 2440 gravitatis
1012 2377 1183 2426 bilinei
1214 2375 1413 2436 ALCA,
1449 2385 1501 2426 et
1536 2383 1777 2441 punctum
1812 2393 1841 2424 c

449 2457 673 2499 centrum
718 2452 971 2516 gravitatis
1015 2452 1196 2502 trilinei
1233 2450 1474 2502 ABCLA.
1545 2451 1695 2502 Quod
1730 2459 1839 2502 erat

450 2525 898 2577 demonstrandum.

1063 2757 1232 2792 FINIS.
