1982 3204
367 248 464 292 400
931 261 1197 294 HISTomA

422 367 455 409 J
458 381 638 422 ussaque
660 366 881 411 Pontificis
895 369 1015 424 jussa
1036 384 1183 412 vocare
1201 369 1295 412 Dei.
1648 374 1758 414 1910

365 432 475 476 Haec
495 448 640 476 omnes
661 449 838 477 sonuere
863 433 1040 484 Scholae,
1063 435 1243 478 docuere
1266 434 1526 494 Cathedrae„

425 502 460 542 A
484 499 604 542 cunis
624 499 773 543 didicit
792 500 852 543 sic
871 516 977 557 puer
997 516 1085 543 esse
1106 501 1213 557 pius.

365 568 649 625 Contemptus
669 568 839 626 Regum
861 570 998 626 surgit
1018 585 1115 612 cum
1136 570 1356 627 relligione
1373 587 1383 612 ε

424 634 486 677 Et
507 635 640 691 plebs,
662 634 777 677 civili
797 635 930 678 libera
949 636 1056 692 lege,
1079 636 1197 678 furit.

365 700 535 757 Nempe
557 700 652 744 Deo
674 701 811 744 visum
832 709 896 744 cst
918 709 1021 744 tunc
1041 702 1202 744 solvere
1223 702 1394 758 cingula
1413 717 1576 759 regum,

424 766 513 821 Qui
532 783 632 810 mox
653 767 847 810 stultitiae
869 769 1044 810 verbera
1064 768 1193 824 digna
1213 768 1364 811 ferent.

364 834 450 876 Sec.
482 833 585 876 Non
607 849 686 890 ego
709 834 950 876 Alexandri
972 834 1138 890 Magni,
1161 850 1239 877 nec
1262 834 1436 877 Caesaris
1456 842 1551 877 acta

423 900 624 956 Amplius
644 900 841 951 admiror,
866 900 1175 943 Hannibalisve
1195 901 1313 943 dolos
1331 917 1341 942 ε

366 965 455 1020 Qui
476 966 557 1009 sibi
576 966 696 1023 larga
716 966 902 1021 quidem,
927 967 999 1009 sed
1021 967 1239 1023 sanguine,
1263 981 1394 1023 regna
1414 974 1616 1023 pararunt
1633 982 1643 1015 3

422 1031 555 1074 Parta
574 1039 720 1074 tenere
742 1039 884 1074 tamen
906 1048 992 1075 non
1013 1039 1190 1088 potuere
1211 1032 1296 1074 diu.
1651 1034 1762 1075 1920

366 1097 493 1152 Quod
515 1098 656 1154 potuit
676 1098 891 1153 subjectus
912 1098 1118 1140 inertibus
1139 1113 1228 1140 esse
1248 1098 1461 1155 magistris

421 1163 695 1206 Perdomitus
717 1164 914 1214 mundus,
936 1164 1039 1207 dum
1060 1172 1227 1220 reputo,
1249 1171 1411 1220 stupeo.

365 1230 518 1275 Castra
538 1230 710 1286 quidem
731 1229 854 1272 video
871 1246 880 1271 ε
913 1245 1011 1271 nam
1035 1237 1135 1272 sunt
1155 1230 1333 1286 collegia
1352 1237 1500 1273 castra.

422 1297 558 1339 Arma
578 1303 720 1339 tamen
740 1295 907 1346 desunt,
930 1303 973 1338 et
989 1296 1145 1351 quibus
1166 1312 1282 1338 arma
1302 1296 1464 1339 darent.

365 1363 445 1405 Pr.
480 1363 623 1405 Erras.
684 1362 944 1405 Pontificum
967 1362 1051 1405 fuit
1071 1363 1366 1419 unusquisque
1386 1363 1567 1414 satelles,

425 1428 620 1484 Quaeque
640 1428 802 1471 dabant
817 1443 938 1485 reges
959 1444 1087 1479 arma,
1110 1428 1275 1472 serebat
1294 1429 1367 1472 eis.

367 1499 452 1539 Sec.
487 1495 603 1545 Heu,
628 1493 782 1538 Schola
803 1494 940 1550 qualis
961 1501 1052 1538 erat
1072 1495 1287 1551 capiendis
1306 1495 1501 1539 machina
1518 1495 1687 1553 regnis!

426 1561 595 1619 Ingenii
616 1561 842 1618 plusquam
864 1560 1134 1604 Mercurialis
1150 1577 1270 1617 opus.

368 1628 569 1678 Vincula,
592 1643 686 1683 quae
706 1627 877 1670 mollem
897 1633 1133 1670 tenuerunt
1153 1627 1291 1671 ferrea
1311 1627 1511 1679 Martem,

422 1695 570 1738 Firma
588 1694 707 1738 fuere
727 1694 880 1745 minus,
902 1709 1040 1737 crassa
1059 1694 1179 1737 fuere
1199 1694 1344 1751 magis.
1651 1697 1763 1737 1930

368 1763 507 1804 Tanta
526 1776 620 1804 mea
640 1776 861 1816 nunquam
882 1760 1089 1817 sapientia
1109 1761 1233 1803 laude
1254 1761 1426 1812 carebit,

425 1827 509 1882 Qui
530 1843 623 1870 sum
645 1827 837 1870 stultitiae
865 1827 1058 1870 conscius
1079 1827 1168 1884 ipse
1189 1843 1303 1870 meae.

371 1895 446 1937 Pr.
478 1894 598 1937 Vasa
619 1893 792 1949 quidem
812 1899 857 1936 et
876 1909 1072 1936 nummos
1092 1893 1214 1937 facile
1236 1901 1301 1936 est
1320 1893 1553 1937 subducere
1574 1894 1702 1944 furto,

425 1961 486 2003 Et
505 1967 731 2017 sceptrum,
754 1959 790 2002 si
809 1959 886 2010 vis,
908 1967 952 2003 et
972 1960 1164 2003 diadema
1183 1960 1331 2003 simul:

366 2028 582 2084 Regnum,
604 2025 774 2069 difficile
794 2032 884 2068 est:
918 2026 1010 2069 fieri
1031 2026 1105 2069 sed
1125 2033 1315 2083 tempore
1335 2026 1464 2083 longo

425 2093 633 2137 Possibile
653 2099 729 2136 est.
791 2091 921 2135 AEtas
941 2092 1083 2135 omnia
1102 2093 1231 2150 longa
1251 2100 1405 2150 potest.

369 2159 579 2203 Movisset
598 2166 724 2202 terrae
748 2158 916 2203 Siculus
932 2159 1150 2202 mirabilis¹
1174 2161 1332 2210 orbem,

428 2225 475 2270 Si
495 2226 612 2270 locus
634 2232 746 2269 esset
765 2225 840 2269 ubi
861 2233 994 2268 staret
1009 2226 1054 2268 in
1075 2227 1176 2269 orbe
1196 2226 1315 2268 alius.

367 2291 542 2335 Partem
559 2292 696 2348 operis
717 2291 752 2334 si
773 2291 846 2334 dat
865 2293 993 2334 breve
1014 2298 1195 2348 tempus,
1218 2299 1408 2348 tempore
1429 2291 1564 2334 multo

425 2358 627 2401 Perficiet
647 2364 800 2408 totum,
823 2357 899 2413 qui
919 2365 1040 2401 tenet
1059 2358 1103 2401 id
1123 2358 1238 2415 quod
1259 2358 1399 2401 habet.
1651 2361 1762 2401 1940

367 2425 495 2468 Unco
515 2425 586 2467 fur
607 2431 736 2467 noctu
757 2424 957 2467 subducit
977 2425 1167 2481 stragula
1185 2424 1330 2467 lectis:

426 2490 644 2534 Pastorale
665 2491 834 2547 pedum,
856 2490 994 2541 crede,
1017 2491 1132 2546 quod
1152 2505 1286 2533 uncus
1306 2497 1408 2533 erat.

370 2556 555 2600 Furtum
575 2572 629 2599 ne
649 2556 820 2600 laudes:
853 2572 938 2600 non
954 2564 1020 2600 est
1040 2557 1257 2613 sapientia,
1279 2557 1352 2600 sed
1372 2557 1502 2608 fraus,

427 2623 535 2679 Quae
555 2638 773 2679 nunquam
794 2623 958 2681 magnis
979 2624 1135 2666 insidet
1153 2623 1346 2681 ingeniis.

368 2691 454 2734 Sec.
489 2689 574 2734 Sed
594 2689 698 2746 quid
718 2690 850 2746 agas?
908 2689 955 2731 N
957 2689 1060 2732 olles
1082 2688 1275 2746 Collegia
1290 2689 1445 2733 habere
1465 2695 1532 2733 tot
1550 2705 1687 2748 agros,

427 2758 522 2800 Aut
541 2763 628 2799 tam
649 2755 892 2813 magnificas
913 2762 1063 2811 totque
1088 2755 1279 2799 habitare
1298 2755 1475 2799 domos?

906 2882 915 2903 ¹
942 2887 1211 2934 [Archimedes]
