1982 3204
76 905 159 946 130

3 1617 6 1619 ,
86 1567 170 1609 140

97 2231 180 2272 150

521 263 593 298 nn
629 263 1002 298 mRAmmBus
1041 264 1215 299 pssccr.
1474 255 1571 300 329

182 374 422 434 Ligniculis
441 374 558 419 intus
576 374 741 426 vincit¹,
762 388 998 430 venamque
1025 381 1228 430 sequutae

183 440 368 486 Materie
387 439 519 484 fossas
538 448 763 491 sustentat,
783 455 916 498 gnara
935 438 1081 497 pericli

184 508 339 565 Atque
358 515 534 565 experta
551 507 625 551 diu
640 508 729 564 jam
748 522 854 564 gens
873 506 1088 549 damnata?
1108 505 1290 548 metallis
1306 523 1320 555 ;

186 574 255 618 Ut
273 589 359 618 non
378 574 570 618 incautos
590 573 717 617 scires
736 573 922 630 periisse,
943 572 1017 615 sed
1038 570 1151 616 Orco

187 640 414 696 Quaesitos.
475 640 622 683 Terrae
642 639 711 683 hic
731 639 931 682 subducit
950 638 1087 681 fulcra
1105 636 1289 686 caducae,
1442 657 1515 676 -ε-

185 706 507 765 Expressasque
526 706 688 749 animas
708 705 858 749 vicinis
878 710 1110 761 congregat
1129 702 1302 745 umbris.

189 772 380 830 Corpora
397 772 642 829 corporibus
662 777 873 827 quaemnt.
937 769 1009 814 Sic
1028 769 1189 813 credita
1211 783 1323 825 saepe
1342 773 1408 811 est

191 837 358 881 Emissa
375 838 570 880 amissam
588 843 844 879 monstrasse
864 835 1022 892 sagitta
1040 834 1253 892 sagittam.

191 904 315 947 Ante
334 903 462 961 pedes
480 918 615 946 unum
635 909 748 946 terra
760 902 876 958 jacet
895 916 993 944 ecce
1013 901 1192 944 cadaver

190 969 432 1019 Effossum
462 968 683 1024 nostrique
701 974 847 1011 monet
866 967 1120 1010 meminisse.
1183 965 1390 1018 Cadaver,

191 1035 397 1086 Mmida,
417 1034 543 1085 iners,
564 1034 715 1091 putris,
734 1034 956 1090 nostrique
976 1034 1189 1076 simillima
1207 1049 1274 1077 res
1294 1040 1371 1077 est.

191 1101 410 1152 Alterum,
430 1100 568 1144 adhuc
586 1107 748 1143 tectum
767 1100 933 1151 tellure,
963 1099 1199 1156 resurgere³
1218 1114 1372 1157 corpus

191 1168 418 1226 Expectat.
482 1167 612 1211 Sedet
630 1174 787 1224 egestae
807 1182 934 1223 super
953 1181 1109 1224 aggere
1129 1173 1252 1209 terrae

194 1234 346 1278 Turba
362 1233 526 1291 supina,
546 1232 650 1276 locis
669 1238 910 1289 spectatum
930 1247 1099 1289 egressa
1116 1231 1395 1290 propinquis3

194 1300 504 1357 Plorantesque
523 1299 619 1342 duae
638 1298 850 1342 mulieres.
910 1298 1067 1342 Altera
1082 1305 1203 1341 sueta

197 1365 369 1412 Gaudia
386 1365 652 1423 perdiderat;
683 1379 801 1422 spem
821 1364 1018 1407 amiserat
1038 1364 1173 1407 altera
1197 1363 1377 1406 dulcem.

198 1432 399 1476 Alterius
417 1431 629 1474 flammam
648 1430 802 1487 longus
821 1430 1079 1474 restinxerat
1098 1445 1226 1480 usus3

201 1499 411 1550 Alterius,
432 1513 527 1555 spes
546 1497 812 1553 effraenisque
832 1497 963 1540 libido
978 1496 1137 1540 sciendi

200 1565 388 1609 Foverat
406 1564 636 1608 ardentem.
697 1563 877 1606 Plorant
895 1569 1088 1618 utraeque
1103 1561 1320 1605 maritum.

202 1630 287 1675 Illa
305 1630 480 1687 quidem
498 1630 632 1687 luget,
648 1629 769 1686 luget
787 1628 922 1686 magis
941 1628 1075 1672 altera
1092 1642 1304 1685 sponsum.

203 1697 482 1755 Deploranto.
540 1696 630 1739 Via
649 1711 735 1752 qua
753 1702 939 1751 coeptum
959 1702 1025 1738 est
1043 1694 1259 1751 pergimus
1279 1693 1353 1735 ire.

203 1763 239 1809 J
239 1779 308 1808 am
326 1763 433 1821 pede
452 1763 568 1806 mille
588 1770 741 1818 quater
759 1777 907 1819 passus
927 1775 1199 1804 numeramus
1218 1759 1388 1815 equino.

205 1830 269 1874 Et
285 1830 413 1874 toties
432 1829 594 1872 socium
613 1828 760 1885 spatiis
780 1842 855 1884 pes
875 1826 1058 1883 quilibet
1075 1826 1211 1882 aequis

205 1896 478 1947 Praeteriens‚
498 1902 656 1938 terram
675 1894 839 1937 alterno
859 1899 1126 1950 percusserat
1143 1892 1248 1935 ictu.

208 1962 363 2008 Anteit
380 1963 532 2005 umbra
551 1961 692 2018 pedes,
711 1966 1006 2015 monstratque
1026 1958 1271 2002 brevissima
1290 1956 1390 2013 qua⁴
1415 1961 1503 1999 stat

209 2029 343 2073 Titan
361 2035 483 2086 parte
502 2027 602 2084 poli,
623 2033 668 2069 et
687 2041 816 2081 quam
836 2040 914 2068 nos
933 2031 1173 2081 spectamus
1192 2029 1354 2067 euntes.

210 2096 471 2152 Linquimus
486 2093 658 2150 opidula
676 2092 776 2135 hinc
795 2099 926 2147 atque
946 2091 1063 2134 illinc
1082 2090 1281 2148 plurima:
1304 2103 1487 2145 quorum

212 2161 484 2206 Postremum
502 2166 684 2209 tantum,
705 2158 899 2200 Romane
918 2157 1070 2208 dicere,
1092 2156 1210 2213 Spe-3⁵
1238 2162 1315 2199 est.

214 2227 384 2274 Caetera
402 2242 488 2270 non
507 2225 687 2269 referam
707 2223 981 2281 impedientia
999 2223 1173 2267 nomina
1191 2237 1372 2267 versum.

214 2295 303 2340 Per
318 2294 413 2339 loca
430 2292 681 2337 transversis
700 2291 826 2348 longe
845 2291 1016 2346 lateque
1034 2289 1191 2333 fodinis

215 2361 365 2412 Plena,
385 2360 560 2416 soloque
580 2374 697 2409 cavo,
718 2364 763 2401 et
782 2358 908 2414 pleno
926 2356 1178 2400 mortalibus
1198 2355 1328 2406 intus,

218 2426 492 2486 Ingredimur
509 2424 696 2482 superi⁶3
726 2424 867 2467 medio
886 2429 1010 2467 tonat
1028 2422 1192 2480 ungula
1210 2436 1363 2478 campo

268 2610 280 2631 ¹
296 2607 526 2654 Constringit,
539 2613 582 2643 ut
596 2606 829 2643 ‹listina-antur
842 2606 894 2642 so·
939 2605 1102 2652 projecta,
1117 2604 1245 2650 arguit,
1261 2609 1296 2639 et
1318 2602 1425 2638 solem
1449 2600 1612 2637 meridia-

224 2675 295 2700 m
310 2663 429 2699 laten.
940 2672 1039 2704 num,
1053 2666 1089 2695 et
1105 2670 1169 2694 nos
1183 2658 1228 2694 ad
1246 2657 1455 2704 Aquilonem
1470 2666 1611 2692 conver-

270 2716 287 2738 ⁸
302 2718 423 2759 Quam
457 2715 504 2751 ad
533 2727 637 2763 open
672 2716 895 2752 damnaverat
940 2726 1006 2750 sos.

227 2779 422 2823 paupertas.
985 2770 999 2789 ⁸
1017 2770 1130 2816 Hope.

274 2829 288 2848 ¹
305 2827 462 2863 Exmhi.
989 2825 1003 2843 ⁸
1018 2825 1131 2870 Supra
1146 2824 1261 2870 capita
1280 2822 1462 2870 agentium
1484 2821 1611 2856 subtus

275 2883 288 2902 ⁴
307 2883 440 2919 Umbra
462 2881 673 2926 brevissima,
687 2888 768 2918 ante
793 2880 896 2928 pedes
944 2883 980 2916 in
996 2879 1179 2916 cuniculis.
