1982 3204
577 314 688 349 Lux
716 311 1136 364 MATnnMAT1CA5
1457 300 1545 343 125

230 426 535 475 Producatur
570 425 665 474 DN
690 425 752 473 ad
785 423 866 472 BC
889 424 939 471 in
963 439 1020 487 p.
1093 422 1156 469 Et
1190 421 1303 484 quia
1343 420 1550 484 angulus
1567 435 1829 463 com-novun-

165 502 289 567 ch
307 511 380 550 est
400 510 575 565 quarta
593 516 705 565 pars
726 500 864 558 recti,
883 499 974 547 erit
992 497 1199 559 angulus
1219 496 1344 559 ADp
1368 498 1389 550 Ξ
1409 496 1551 543 unius
1605 537 1610 546 ,
1636 490 1697 516 ⁸¹⁴
1720 490 1795 544 α’,

165 579 322 634 recti;
358 578 437 626 cui
485 577 681 641 aequalis
716 584 789 624 est
813 575 1027 623 alternus
1051 572 1192 636 DpC.
1264 572 1389 618 Sunt
1434 575 1551 634 ergo

166 653 264 702 duo
284 653 450 717 anguli
472 653 617 710 PAD,
635 651 760 715 ADp
784 647 828 711 ᾗ
850 650 1058 698 duorum
1077 654 1342 695 rectorum.
1392 646 1554 694 Ducta

167 744 286 792 ergo
311 729 406 794 Ap,
431 735 574 775 erunt
598 742 767 774 omnes
791 725 957 788 anguli
981 723 1212 786 trianguli
1238 722 1364 786 ApD
1385 720 1553 782 ²{duo-

167 819 275 852 rum
301 810 561 851 rectorum.
632 801 797 850 Quare
821 800 1027 863 angulus
1047 798 1172 863 ApD
1187 806 1263 845 est
1283 796 1326 857 ᾖ
1347 796 1554 844 duorum

168 886 431 934 rectorum,
457 892 663 939 quorum
687 874 895 938 angulus
910 872 1044 939 pDC
1069 881 1143 921 est
1168 873 1231 921 9*
1249 872 1392 920 unius
1417 871 1555 927 recti.

169 963 222 1003 et
254 951 442 1012 DRP}
466 951 609 998 unius
645 950 799 997 recti:
838 957 886 997 et
922 949 1030 996 duae
1061 956 1211 996 rectae
1248 948 1328 1011 Dp
1367 955 1419 995 et
1458 947 1556 1003 RP,

169 1029 286 1077 item
314 1028 395 1091 Dp
430 1034 476 1074 et
503 1026 587 1074 ΑΡ
622 1032 972 1074 concurrentes
1012 1024 1188 1072 alicubi
1227 1023 1410 1071 facient
1446 1038 1559 1070 cum

170 1103 404 1152 ambabus
428 1102 660 1166 angulum
683 1097 721 1161 ὲ
745 1101 888 1148 unius
913 1100 1049 1148 recti.
1106 1099 1162 1147 ld
1181 1098 1313 1163 quod
1336 1098 1442 1146 fieri
1462 1114 1559 1145 non

82 1230 85 1232 ,
168 1187 348 1244 potest,
372 1178 465 1226 nisi
490 1184 785 1225 concurrant
809 1177 858 1224 in
878 1184 1063 1240 puncto
1082 1175 1134 1232 P,
1155 1175 1239 1222 ubi
1263 1181 1562 1222 concurrunt

170 1253 291 1318 ipsae
323 1253 423 1312 ΑΡ,
453 1253 551 1301 RP.
620 1252 865 1300 Producta
904 1267 1022 1315 ergo
1060 1250 1155 1299 DN
1195 1249 1380 1297 incidet
1415 1249 1467 1297 in
1508 1249 1561 1307 P,

171 1337 410 1393 eruntque
429 1329 467 1376 P
485 1336 532 1376 et
549 1344 591 1392 p
615 1327 744 1375 idem
767 1335 1005 1390 punctum
1027 1344 1038 1373 ε
1063 1334 1113 1373 et
1131 1325 1338 1389 proinde
1354 1324 1563 1388 angulus

171 1405 303 1454 APD
326 1413 401 1452 est
427 1403 474 1465 ,ζ-
491 1403 699 1451 duorum
723 1412 986 1462 rectorum,
1018 1402 1068 1451 id
1093 1410 1167 1451 est
1195 1398 1237 1462 ᾖ
1259 1401 1401 1449 unius
1424 1402 1563 1450 recti.r

175 1479 323 1534 Quod
347 1489 454 1528 erat
477 1479 928 1527 demonstrandum.

245 1554 360 1603 Cor.
397 1554 713 1602 Manifestum
737 1570 855 1617 ergo
879 1562 969 1611 est,
995 1553 1170 1617 primo,
1194 1550 1326 1615 quod
1351 1551 1432 1599 BP
1455 1558 1563 1598 tan-

175 1646 299 1695 gens
318 1635 382 1679 30
399 1629 657 1694 graduum,
676 1638 926 1693 assumpta
943 1637 1176 1692 tangente
1195 1627 1436 1690 graduum
1454 1632 1565 1684 2223,

176 1714 399 1771 aequatur
421 1705 561 1754 lateri
581 1705 682 1752 BC.
754 1705 995 1765 Secundo,
1015 1704 1146 1768 quod
1166 1704 1264 1762 CY,
1283 1702 1334 1750 id
1358 1711 1432 1750 est
1457 1702 1565 1760 NY,

177 1781 231 1831 id
252 1790 328 1831 est
352 1781 452 1840 GS,
478 1796 655 1844 nempe
679 1780 953 1828 differentia
977 1780 1105 1827 inter
1127 1779 1254 1827 latus
1280 1778 1365 1826 AB
1390 1786 1442 1826 et
1465 1777 1567 1835 AL,

178 1857 281 1906 sive
314 1856 746 1920 semidiagonalem
770 1855 857 1913 Al,
883 1854 1079 1919 aequalis
1117 1853 1181 1901 sit
1211 1853 1427 1901 dimidiae
1459 1862 1569 1900 tan-

178 1933 317 1998 genti
342 1933 447 1980 BP:
482 1940 532 1980 et
558 1932 653 1980 HY
676 1931 876 1995 aequalis
899 1931 986 1990 Pa,
1024 1929 1239 1978 dimidiae
1262 1930 1340 1978 PC
1364 1938 1570 1992 tangen-

178 2009 243 2058 tis
265 2014 377 2071 223.

248 2083 436 2132 Contra
476 2083 582 2131 haec
623 2083 794 2146 objicit
834 2097 1001 2129 rursus
1023 2080 1290 2138 Wallisius,
1324 2080 1502 2143 partim
1540 2095 1570 2127 a

182 2158 428 2208 radicibus
450 2158 781 2206 numeralibus
813 2157 939 2205 suis:
974 2156 1156 2220 partim
1180 2172 1242 2204 ex
1265 2155 1442 2203 tabulis
1461 2163 1572 2203 tan-

181 2235 421 2299 gentium,
440 2250 559 2298 quas
578 2233 769 2283 tabulas
793 2233 956 2281 sciunt
974 2231 1303 2280 mathematici
1323 2230 1572 2279 confectas

182 2325 288 2359 esse
327 2325 417 2374 per
453 2309 675 2358 radicum
706 2308 1051 2356 extractiones.
1122 2307 1249 2355 Sunt
1272 2322 1406 2370 ergo,
1429 2314 1487 2353 nt
1510 2305 1574 2353 ad

188 2385 590 2434 Controversiam
614 2385 663 2433 iv
685 2393 932 2432 ostensum
957 2391 1047 2441 est,
1075 2381 1227 2440 falsae,
1247 2389 1297 2430 et
1320 2397 1350 2429 a
1373 2381 1575 2429 demon-

185 2462 501 2511 strationibus
536 2460 928 2526 propositionum
964 2458 1373 2522 geometricamm
1409 2456 1575 2504 exclu-

186 2535 376 2585 dendae.

253 2611 438 2675 Objicit
459 2621 712 2675 praeterea,
737 2625 983 2659 assumere
1009 2607 1312 2657 Hobbesium
1336 2607 1441 2655 sine
1462 2622 1575 2670 pro-

189 2685 387 2735 batione
410 2694 593 2736 reotam
612 2686 692 2735 BP
711 2686 908 2750 duplam
932 2701 1036 2733 esse
1061 2684 1145 2732 CO
1164 2684 1266 2746 (fig.
1288 2682 1338 2730 xi
1357 2682 1577 2741 Rosete’),

190 2760 245 2810 id
266 2770 356 2821 est,
380 2761 577 2825 duplam
601 2761 929 2811 differentiam
950 2761 1081 2809 inter
1102 2759 1230 2808 latus
1254 2758 1342 2806 DC
1365 2765 1413 2806 et
1438 2756 1576 2805 semi-

602 2929 625 2951 0
657 2927 723 2967 Sic
740 2927 832 2966 edit.
857 2927 970 2967 1672.
1029 2923 1240 2973 Quaeress?
