1982 3204
437 290 527 334 132
847 301 961 336 Lux
986 299 1408 335 MATHEMATICA.

143 429 412 457 conmovmz-
501 412 665 461 Quare
689 419 823 460 recta
855 413 943 460 DB
972 413 1034 460 ad
1067 413 1152 471 DI,
1177 412 1228 460 id
1252 419 1326 459 est
1359 410 1422 458 ad
1456 410 1539 468 IB,
1572 409 1823 473 duplicata

181 484 265 539 *sm
284 485 358 511 ΧΠ·
432 495 508 535 est
531 488 733 536 rationis
757 488 811 535 Ic
834 488 897 536 ad
921 488 990 535 cB
1012 506 1023 535 z
1059 496 1110 536 et
1146 488 1198 535 Ic
1221 486 1422 551 aequalis
1448 485 1531 532 BL
1551 502 1562 532 :
1597 485 1714 533 item
1739 485 1821 542 IL,

432 563 502 611 Be
525 563 748 627 aequales.

498 639 635 686 Inter
652 638 729 686 ch
743 645 792 685 et
812 638 895 685 DZ
916 645 1134 686 sumatur
1150 636 1311 684 media
1327 635 1705 700 proportionalis
1723 634 1796 682 De
1807 651 1822 681 z

430 713 621 777 eritque
645 722 701 762 ut
725 714 807 761 DZ
832 714 896 761 ad
921 715 1009 771 De,
1035 714 1106 761 ita
1130 713 1405 761 differentia
1428 713 1495 760 Ze
1512 712 1575 759 ad
1594 712 1822 759 differen-

429 790 549 838 tiam
573 789 644 837 eh.
718 789 963 838 Quoniam
988 805 1104 852 ergo
1130 789 1255 837 ratio
1275 789 1361 836 DC
1384 788 1448 836 ad
1473 788 1556 836 DZ
1576 787 1824 851 duplicata

429 873 503 913 est
526 865 728 912 rationis
748 865 832 912 DZ
851 865 915 912 ad
939 865 1029 923 De,
1047 873 1096 912 et
1120 862 1205 912 DC
1225 864 1287 911 ad
1311 864 1390 911 ch
1410 863 1657 927 duplicata
1675 861 1821 910 ratio-

427 941 504 990 nis
534 941 617 989 DZ
650 940 710 987 ad
745 940 848 998 DC,
883 947 1027 988 erunt
1067 940 1160 997 Dk,
1191 940 1278 996 De,
1307 939 1407 996 DZ,
1443 939 1546 997 DC,
1583 946 1641 986 ut
1675 937 1824 986 etiam

429 1033 598 1065 earum
623 1015 912 1063 differentiae
947 1015 1022 1070 ke,
1059 1031 1127 1073 ez,
1152 1015 1247 1073 ZC,
1278 1015 1510 1062 continue
1542 1013 1822 1078 proportio-

428 1093 584 1140 nales:
622 1100 671 1140 et
695 1099 810 1138 sunt
835 1090 1020 1139 eaedem
1052 1107 1161 1154 quae
1185 1091 1235 1138 in
1270 1091 1429 1154 figura
1450 1106 1591 1154 prop.
1615 1090 1699 1138 xix
1723 1089 1823 1136 dis-

427 1174 681 1231 ponuntur
704 1168 755 1214 in
779 1167 1027 1230 triangula
1049 1167 1240 1214 similia.
1302 1167 1467 1216 Quare
1488 1165 1663 1214 Ros-eti
1681 1181 1822 1229 prop.

427 1243 546 1291 xviii
570 1250 619 1290 et
642 1243 724 1290 xix
743 1242 912 1305 judico
938 1257 1043 1290 esse
1066 1242 1192 1290 bene
1217 1241 1592 1290 demonstratas.

498 1318 631 1367 Quid
669 1318 732 1366 ad
769 1319 876 1366 haec
916 1317 1194 1366 Wallisius?
1266 1317 1400 1366 Quin
1437 1318 1522 1365 DZ
1564 1317 1628 1365 sit
1665 1317 1823 1380 major

430 1395 635 1443 duarum
661 1394 933 1442 mediarum
955 1393 1399 1457 proportionalium
1422 1394 1551 1442 inter
1567 1393 1656 1441 DC
1675 1401 1726 1441 et
1744 1391 1823 1440 Dk

428 1486 611 1534 negare
635 1486 736 1518 non
759 1477 938 1533 potest,
958 1478 1162 1533 propter
1177 1469 1608 1518 demonstrationis
1626 1468 1823 1517 eviden-

428 1547 564 1595 tiam.
612 1546 756 1593 Dicet
779 1545 904 1593 forte
925 1545 1135 1593 mediam
1154 1546 1395 1594 minorem
1421 1561 1520 1593 non
1539 1560 1644 1593 esse
1666 1544 1823 1608 ipsam

429 1621 518 1670 De.
568 1621 701 1684 Ergo
727 1620 1091 1669 demonstretur
1114 1621 1262 1669 etiam
1285 1621 1402 1669 hoc:
1427 1636 1619 1684 nempe,
1645 1635 1749 1668 esse
1766 1626 1825 1668 ut

428 1697 637 1760 primam
652 1697 740 1744 DC
757 1696 822 1744 ad
837 1696 1103 1744 secundam
1121 1696 1221 1755 DZ,
1237 1696 1308 1744 ita
1323 1696 1396 1744 De
1410 1695 1474 1744 ad
1489 1702 1714 1760 quartam
1728 1695 1822 1743 Dk.

430 1774 499 1822 Ut
523 1773 654 1821 enim
678 1772 1039 1820 semidiameter
1062 1772 1149 1820 DC
1172 1771 1235 1820 ad
1264 1771 1510 1820 semissem
1535 1787 1679 1820 arcus
1703 1787 1823 1835 qua·

430 1849 618 1896 drantis
643 1865 672 1896 a
695 1864 747 1896 se
783 1847 1034 1911 descripti,
1060 1848 1129 1896 sic
1165 1848 1526 1896 semidiameter
1559 1847 1656 1895 alia
1689 1863 1824 1910 quae-

430 1940 623 1987 cunque
647 1924 710 1971 ad
744 1924 992 1972 semissem
1029 1939 1172 1972 arcus
1207 1923 1495 1986 quadrantis
1523 1923 1694 1971 itidem
1718 1939 1747 1970 a
1770 1939 1824 1971 se

430 1999 676 2062 descripti.
741 2000 830 2047 Est
854 2007 1018 2047 autem
1043 2007 1178 2047 recta
1202 1998 1277 2047 De
1301 1999 1659 2047 semidiameter
1682 2013 1824 2047 arcus

430 2076 764 2139 quadrantalis
789 2075 988 2139 aequalis
1011 2084 1161 2123 rectae
1186 2075 1287 2123 DC.
1361 2075 1484 2123 Cum
1510 2091 1628 2138 ergo
1652 2074 1736 2123 DZ
1761 2074 1826 2123 sit

431 2152 643 2199 semissis
667 2167 809 2199 arcus
835 2150 1067 2214 descripti
1092 2166 1120 2197 a
1145 2150 1247 2208 DC,
1268 2159 1318 2198 et
1342 2150 1420 2198 ch
1444 2149 1657 2198 semissis
1681 2165 1825 2198 arcus

432 2227 664 2289 descripti
687 2243 716 2274 a
740 2227 829 2285 De,
856 2226 950 2275 erit
974 2226 1063 2286 De,
1088 2226 1166 2274 vel
1190 2226 1339 2285 nulla,
1366 2226 1639 2274 mediarum
1664 2226 1826 2275 minor

430 2302 561 2349 inter
585 2302 672 2349 DC
700 2310 751 2349 et
778 2301 871 2349 Dk.

501 2377 599 2425 Sed
633 2385 842 2440 quatuor
878 2377 984 2424 illas
1015 2377 1314 2440 quantitates
1343 2376 1446 2435 DC,
1475 2377 1577 2435 DZ,
1610 2377 1698 2435 De,
1727 2376 1824 2434 Bk,

433 2452 553 2500 dicit
562 2452 842 2500 Hobbesius
856 2469 956 2500 non
972 2460 1167 2501 tantum
1182 2469 1287 2500 esse
1302 2452 1354 2500 in
1369 2452 1559 2500 ratione
1575 2452 1824 2512 continua,

432 2528 519 2577 sed
541 2528 687 2576 etiam
713 2528 762 2575 in
787 2528 976 2575 ratione
998 2534 1026 2576 5
1043 2528 1107 2576 ad
1122 2534 1176 2575 4:
1203 2535 1254 2576 et
1273 2535 1388 2576 sunt
1403 2527 1487 2575 DZ
1506 2535 1556 2576 et
1573 2527 1662 2587 De,
1682 2529 1825 2592 juxta

433 2604 726 2652 sententiam
750 2603 1021 2662 amborum,
1047 2604 1097 2652 in
1122 2604 1312 2653 ratione
1338 2610 1365 2652 5
1393 2603 1458 2652 ad
1482 2610 1529 2652 4.
1594 2604 1826 2653 Probavit

433 2679 563 2727 enim
589 2678 868 2726 Hobbesius
892 2678 967 2725 De
990 2694 1093 2727 esse
1118 2677 1324 2739 ss-sive—ff,
1354 2694 1496 2727 arcus
1521 2679 1631 2728 BD:
1666 2687 1717 2729 et
1739 2680 1825 2728 DZ

434 2771 538 2803 esse
563 2753 779 2818 ejusdem
805 2769 947 2801 arcus
971 2754 1238 2813 semissem,
1261 2753 1313 2801 id
1337 2760 1425 2812 est,
1456 2754 1509 2814 5⁵0--
1573 2754 1671 2804 Sed
1693 2754 1827 2819 quod

434 2830 598 2879 radius
623 2830 710 2878 DC
737 2829 801 2877 ad
832 2828 915 2877 DZ
940 2829 1004 2877 sit
1038 2837 1096 2877 ut
1132 2836 1160 2877 5
1186 2829 1250 2877 ad
1273 2835 1320 2888 4,
1346 2829 1396 2877 id
1422 2829 1671 2879 Wallisius
1705 2830 1827 2879 dicit

433 2922 538 2956 esse
573 2906 771 2955 falsum:
810 2904 924 2968 quia
959 2904 1055 2964 Dcl,
1084 2921 1193 2968 quae
1226 2904 1288 2953 ad
1320 2912 1484 2954 rectas
1520 2906 1619 2965 DF,
1643 2906 1729 2956 DP
1751 2912 1827 2956 est
