1982 3204
351 254 446 296 364
909 266 1176 300 HISTORIA

348 374 455 416 Esse
475 374 617 417 datam
637 374 762 426 dicet,
785 376 896 419 sicut
916 392 992 433 par
1012 383 1090 427 est,
1113 376 1306 432 sapienti,

407 439 651 496 Debitaque
666 441 873 498 ingratus,
897 457 992 497 quae
1014 442 1139 498 capit,
1162 457 1251 485 esse
1271 449 1406 499 putat.

350 506 490 548 Annis
510 522 587 549 usa
606 507 690 550 suit
709 508 855 564 paucis
877 508 1068 551 Ecclesia
1088 523 1203 564 pace,

409 572 592 627 Quando
612 574 823 617 commisit
842 575 894 617 lis
915 590 1024 617 nova
1044 574 1326 631 philosophos.

348 637 470 681 Inter
491 639 789 682 Alexandrum
810 647 999 683 certatur
1019 647 1064 683 et
1083 640 1196 683 inter
1219 640 1386 691 Arium,

407 704 542 756 Inter,
563 705 607 747 id
628 712 704 755 est,
727 705 963 762 Ephorum¹
987 706 1382 763 Presbyterumque
1403 723 1540 758 suum,

350 770 543 814 Christus
559 787 611 814 an
632 772 808 827 aequalis
830 772 951 815 Patri
972 772 1069 823 fuit,
1091 789 1145 815 an
1166 773 1304 816 minor
1323 773 1409 825 illo,

406 836 478 879 Illi
498 853 574 894 par
595 838 722 889 visus,
744 838 843 881 huic
865 839 1002 881 minor
1023 854 1112 882 esse
1134 839 1243 882 Deo.

349 903 423 946 Ad
443 919 629 947 mensam
645 911 830 961 coeptum
852 911 929 957 est,
953 912 1083 960 atque
1105 905 1216 948 inter
1236 906 1387 961 pocula
1407 905 1554 961 quaeri.

405 970 504 1027 (Ad
524 987 710 1014 mensam
733 987 822 1014 esse
843 972 950 1014 solet
969 972 1102 1015 libera
1121 972 1267 1029 lingua
1286 975 1439 1023 mero).

350 1036 468 1079 Hinc
487 1037 577 1080 abit
597 1038 650 1079 ad
669 1038 891 1080 cathedras
913 1053 1031 1080 sacra
1050 1038 1338 1080 controversia
1357 1045 1535 1089 sanctas,

409 1102 669 1159 Sectumque
690 1104 735 1145 in
756 1111 898 1160 partes
919 1103 1104 1146 concitat
1123 1103 1222 1146 inde
1243 1119 1428 1161 gregem.

348 1169 456 1213 Mox
477 1177 522 1213 et
538 1170 778 1213 Alexandri
798 1170 953 1213 celebri
972 1178 1190 1227 pugnatur
1209 1170 1254 1212 in
1274 1173 1392 1222 urbe,

406 1236 468 1279 Et
487 1236 653 1279 diversa
673 1236 818 1279 furens
839 1237 959 1279 miles
980 1236 1025 1278 in
1046 1252 1162 1278 arma
1182 1237 1283 1279 ruit.

349 1301 444 1344 Rex
466 1301 774 1346 Constantinus
794 1302 951 1344 multos
965 1302 1068 1357 jam,
1091 1301 1339 1358 militiaeque

406 1368 591 1419 Florem,
613 1368 728 1411 civili
749 1368 866 1411 clade
887 1368 1024 1424 perire
1044 1368 1205 1419 videns,

350 1435 417 1478 Ut
437 1451 579 1492 regem
601 1435 745 1478 decuit
764 1435 1030 1492 prudentem,
1053 1435 1201 1477 tollere
1221 1449 1390 1477 causam

406 1501 585 1544 Dissidii
605 1501 783 1552 studuit,
805 1508 849 1544 et
870 1501 1057 1544 stabilire
1077 1500 1218 1543 fidem.

350 1568 571 1613 Convocat
591 1583 645 1611 ex
665 1567 781 1611 omni
801 1574 1008 1610 terrarum
1030 1574 1149 1623 parte
1171 1582 1342 1609 suarum

405 1635 568 1678 Doctos
587 1641 785 1685 rectores,
806 1635 1164 1691 presbyterosque
1185 1633 1308 1676 viros.

350 1701 524 1746 Ordinis
544 1708 588 1744 et
607 1701 734 1757 primi
754 1707 858 1744 tunc
879 1716 1112 1743 convenere
1132 1699 1326 1750 trecenti,

407 1767 741 1823 Octodecimque
761 1783 912 1824 graves
928 1766 1159 1822 eximiique
1175 1781 1307 1809 senes.

349 1834 460 1877 Haec
481 1834 526 1876 N
530 1834 648 1877 icena
668 1833 755 1876 fuit
775 1833 962 1890 synodus
982 1832 1163 1876 Patrum
1183 1832 1404 1890 generalis,

405 1901 637 1956 Primaque
657 1900 841 1942 Romani
863 1899 996 1942 totius
1017 1899 1130 1943 orbis
1150 1906 1252 1942 erat.

349 1967 460 2012 Cum
481 1966 780 2017 consedissent,
802 1966 848 2007 in
868 1965 1175 2008 Bouleutem'on²
1195 1965 1329 2007 intrat

404 2034 624 2090 Princeps,
645 2033 691 2074 in
710 2032 848 2075 medio
870 2041 1072 2087 stansque
1093 2031 1251 2074 salutat
1271 2045 1353 2074 eos.

348 2100 629 2157 Consurgunt
649 2099 814 2150 Patres,
837 2098 910 2142 sed
931 2114 1003 2141 eos
1013 2099 1140 2154 jubet
1160 2097 1231 2140 ille
1253 2097 1422 2140 sedere:

404 2166 451 2210 N
453 2182 501 2210 ec
521 2166 658 2210 voluit
678 2165 872 2223 princeps
892 2165 981 2222 ipse
1002 2164 1146 2207 sedere
1166 2164 1292 2221 prior.

346 2233 574 2290 Ingenium
594 2248 709 2275 nunc
729 2232 842 2275 disce
862 2231 1049 2275 virorum
1071 2229 1417 2287 philosophorum
1439 2245 1449 2270 :

407 2299 454 2344 Si
475 2300 600 2342 modo
619 2298 894 2355 philosophus
915 2297 1062 2340 simius
1082 2311 1172 2339 esse
1192 2301 1344 2352 potest.

345 2363 475 2408 Disce
496 2364 600 2420 quid
620 2365 674 2407 ad
693 2380 832 2407 mores
854 2363 1020 2407 confert
1039 2362 1190 2419 legisse
1213 2361 1450 2411 Platonem,

405 2431 501 2473 Aut
522 2430 816 2480 Aristotelem,
833 2436 908 2472 aut
928 2428 1072 2472 Biblia
1091 2442 1206 2470 sacra
1227 2425 1324 2476 Dei,

349 2495 396 2540 Si
411 2496 517 2554 legis
537 2502 587 2539 ut
607 2496 769 2546 doceas,
791 2501 835 2538 et
854 2510 940 2538 non
960 2500 1011 2536 ut
1030 2493 1172 2537 vivere
1193 2492 1342 2535 discas.

403 2562 627 2606 Virtutem
651 2561 758 2603 nihil
778 2567 842 2604 est
862 2560 981 2611 scire,
1004 2559 1087 2602 nisi
1107 2558 1251 2602 facias.

346 2628 512 2672 Urbem
533 2627 577 2670 N
582 2628 743 2671 icenam
763 2641 916 2670 venere
932 2641 957 2668 a
975 2625 1133 2668 finibus
1153 2624 1279 2675 orbis,

404 2694 471 2738 Ut
490 2694 612 2738 fieret
632 2693 797 2737 cunctis
818 2692 943 2735 unica
962 2698 1078 2735 certa
1097 2690 1203 2734 fides

495 2828 505 2852 ¹
534 2827 642 2876 [Vide
659 2823 929 2870 Gnossamum]
1155 2822 1167 2841 '
1193 2822 1300 2870 [Vide
1318 2819 1593 2866 Gnossimum]

1657 975 1743 1014 550

1657 1635 1742 1676 560

1655 2294 1740 2337 570
