1982 3204
404 212 501 255 330
746 224 816 257 DE
856 225 1228 260 MIRAmLIBUs
1269 226 1445 260 pacet.

401 329 663 375 Festinantis
683 332 809 388 equi3
842 339 972 389 atque
995 350 1078 377 una
1097 341 1171 377 aut
1198 335 1324 391 paulo
1344 335 1525 392 amplius
1545 337 1649 381 hora

400 396 642 453 Praeeipitis
662 398 841 442 ferimur
860 401 1001 443 subita
1021 401 1074 443 ad
1094 401 1275 444 declivia
1295 403 1462 445 montis.

401 462 594 506 Pronum
615 471 706 507 erat
724 465 824 508 hinc
844 466 987 509 vicum
1008 467 1248 523 subjectum
1267 467 1427 512 intrare
1447 469 1648 514 cadendo.

404 529 491 573 Sed
510 530 632 573 nobis
653 532 829 588 ambage
850 532 962 574 viam
983 539 1027 575 et
1046 540 1171 576 cauto
1192 534 1298 589 pede
1318 534 1464 578 tritam

402 594 474 639 Ire
493 596 657 653 placet3
689 597 958 654 primumque
979 598 1032 640 ad
1052 599 1224 642 dextras
1245 600 1331 643 sole
1351 608 1534 658 recepto,

401 661 463 705 Et
481 678 581 706 mox
601 664 811 708 conversis
831 665 939 707 laevo
959 665 1209 709 descendere
1230 667 1390 718 eodem,

285 734 367 775 160
401 728 629 781 Paulatim,
651 737 695 773 et
714 731 891 788 pedibus
911 739 1076 775 nosmet
1096 733 1346 776 concredere
1366 734 1532 778 nostris.

402 794 653 840 Conscensis
672 797 742 840 hic
761 813 906 841 rursus
926 799 1059 854 equis,
1081 801 1160 842 sub
1180 807 1326 843 monte
1346 800 1516 845 sinistro

399 861 616 905 Intramus
635 878 806 920 pagum,
828 864 903 919 qui
924 880 1087 907 summa
1106 865 1150 907 in
1170 881 1275 922 rupe
1295 866 1482 909 locatum

399 929 638 985 Aspectare
651 931 790 986 jubet,
811 931 993 974 deducto
1013 931 1196 982 nomine,
1222 933 1440 975 Castrum¹.

401 994 602 1039 Castrum
622 1012 708 1039 non
727 997 870 1052 aliquo
891 998 1097 1040 bellorum
1117 998 1284 1054 insigne
1303 999 1445 1042 labore
1461 1015 1473 1050 3

400 1061 504 1105 Non
523 1078 737 1120 magnum,
758 1079 843 1107 non
863 1064 965 1107 artis
986 1080 1091 1121 opus
1111 1065 1366 1122 spectabile3
1398 1067 1552 1110 nostris

399 1127 546 1185 Impar
564 1130 801 1181 tormentis,
822 1145 901 1173 nec
920 1131 1251 1188 inexpugnabile
1272 1132 1419 1188 priscis
1435 1149 1446 1182 3

398 1194 649 1250 Antiquum
669 1202 824 1246 tamen,
845 1203 889 1239 et
909 1212 1010 1240 saxo
1031 1213 1157 1254 super
1176 1198 1446 1249 aedificatum,

401 1260 595 1304 Sustinet
614 1277 835 1313 annorum,
857 1269 1081 1306 ventorum
1101 1264 1366 1307 incommoda
1385 1265 1552 1308 temnit.

397 1327 598 1371 Forsitan
617 1335 662 1371 et
681 1328 861 1371 dominis
882 1331 961 1372 sub
982 1330 1413 1386 plumbi-potentibus
1433 1332 1533 1374 olim

283 1397 364 1440 170
397 1393 637 1437 Latronum
657 1395 800 1451 potuit
820 1395 982 1438 subitos
1003 1411 1145 1439 arcere
1165 1397 1392 1440 tumultus.

398 1460 446 1502 A
470 1461 613 1503 Castro
633 1460 777 1503 statim
797 1477 918 1504 mons
938 1461 1090 1504 scissus
1111 1462 1302 1505 detumet
1322 1464 1465 1506 ambas

397 1525 451 1568 In
472 1533 639 1583 partes;
672 1527 792 1570 velut
811 1527 1014 1570 inclinato
1034 1543 1207 1585 corpore
1227 1535 1372 1572 nostro

396 1591 452 1634 In
472 1608 596 1635 crura
615 1600 811 1636 extantes
831 1594 1063 1652 deturgent
1083 1602 1267 1651 utraque
1287 1596 1446 1639 clunes.

397 1659 452 1701 In
472 1659 610 1702 medio
631 1660 748 1703 sinus
769 1666 850 1702 est:
884 1667 1014 1716 atque
1035 1661 1293 1704 erectissima
1311 1662 1514 1717 utrinque

396 1726 558 1782 Rupes,
580 1741 677 1782 quae
698 1726 863 1784 ingenti
882 1728 1115 1770 redituram
1135 1728 1322 1784 pondere
1341 1735 1499 1771 terram

395 1792 608 1844 Destinet,
631 1800 676 1836 et
694 1793 801 1836 tutis
822 1795 1045 1838 succedere
1065 1795 1118 1837 ad
1138 1795 1289 1838 intima
1308 1802 1495 1852 praestat.

394 1859 427 1902 J
429 1875 497 1902 am
518 1867 694 1903 ventum
715 1867 781 1903 est
799 1860 955 1917 (pudet
975 1861 1114 1916 effari)
1135 1862 1352 1905 Plutonis²
1372 1862 1425 1905 ad
1445 1878 1587 1914 anum,

393 1925 483 1979 (Ut
502 1925 693 1969 vocitant
712 1926 942 1983 plerique):
965 1927 1047 1971 loci
1067 1935 1192 1971 vocat
1211 1928 1361 1979 incola,
1382 1929 1673 1971 Peak's-Arse.

394 1991 553 2035 Nobile
575 1992 787 2048 suspensis
808 1993 997 2049 aperitur
1016 1994 1196 2050 rupibus
1216 2002 1403 2045 antrum,

279 2067 361 2106 180
394 2057 568 2115 Ignoto³
584 2058 676 2110 tibi,
698 2058 872 2110 Phoebe,
893 2059 998 2111 loco,
1021 2061 1094 2103 sed
1114 2061 1314 2118 segnibus
1335 2060 1461 2103 Ursis

396 2123 588 2168 Obverso
608 2132 652 2168 et
671 2125 847 2181 reliquis
867 2127 1003 2184 mergi
1021 2128 1312 2171 metuentibus
1337 2127 1471 2170 astris.

394 2189 449 2232 In
470 2191 737 2247 speciemque
758 2198 877 2248 patet
897 2192 1026 2245 furni,
1049 2193 1118 2237 vel
1138 2194 1322 2249 qualiter
1343 2193 1446 2237 Orci

395 2255 484 2300 Ora
503 2257 774 2314 perhorrifico
794 2257 1033 2315 pinguntur
1052 2258 1214 2302 hiantia
1233 2259 1360 2311 rictu,

394 2322 502 2366 Post
523 2325 554 2365 I
552 2331 587 2366 te
606 2324 812 2375 auditum,
834 2326 1003 2367 turbam
1024 2325 1232 2368 sorbentis
1252 2327 1455 2368 abactam.

397 2388 610 2432 Sublimes
629 2389 836 2432 intramus
857 2390 990 2446 equis.
1053 2391 1190 2434 Tecta
1207 2391 1325 2434 intus
1346 2398 1390 2435 et
1409 2391 1516 2435 altos

397 2453 659 2511 Suspicimus
680 2455 870 2498 cumulos
892 2455 1057 2498 detonsi
1077 2472 1253 2499 munera
1272 2457 1394 2514 prati.

396 2520 481 2565 Sed
501 2522 668 2565 coelum⁴
690 2521 862 2564 attoniti
881 2522 1084 2565 miramur
1104 2538 1291 2574 saxeum,
1313 2530 1363 2566 ut
1383 2523 1533 2581 ingens

397 2587 615 2632 Sustineat
634 2588 790 2631 montis
810 2588 928 2632 nullo
948 2588 1166 2632 fulcimine
1186 2589 1375 2647 pondus3

439 2738 450 2759 ¹
469 2737 657 2772 Castleton.
1158 2739 1171 2757 ³
1188 2739 1270 2780 Quo
1287 2751 1470 2787 nunquam
1480 2741 1684 2788 pertingunt
1695 2741 1784 2778 radii

439 2791 452 2812 ²
469 2792 550 2827 Orci
563 2793 697 2836 culum,
708 2793 866 2840 Anglice,
878 2793 932 2829 the
948 2793 1062 2828 devil's
1110 2794 1246 2829 solares.

391 2861 474 2884 arse.
524 2847 652 2883 Mirab.
670 2859 713 2884 Π.
1159 2848 1171 2866 ⁴
1191 2850 1351 2886 Laeunar
1366 2851 1501 2898 ingens.
