1982 3204
699 275 1136 310 ECCLESIAS'HCA.
1515 265 1611 317 373

233 387 378 431 Finita
401 386 587 443 synodo,
609 384 750 427 statim
773 399 881 427 nova
899 383 1098 440 dogmata
1117 391 1321 438 surgunt:

289 454 515 509 Quamque
536 452 652 509 prius
673 451 824 501 fuerat,
845 450 979 492 acrior
998 449 1060 491 ira
1079 449 1200 491 redit.

229 520 337 563 Post
357 519 684 564 Constantinum
706 517 816 560 rexit
838 515 1110 560 Constantius
1129 516 1286 566 orbem,

287 585 528 630 catholicos
548 599 730 627 vexans:
762 597 944 637 namque
959 580 1145 623 Arianus
1164 587 1266 623 erat„

229 651 310 695 Ille
330 659 375 695 et
401 650 682 693 Athanasium
703 664 904 705 magnum
926 647 1158 691 terroribus
1177 647 1368 704 implens,
1445 655 1512 669 '·'

286 717 546 775 Martyrium
566 716 654 759 vita
675 715 776 759 fecit
795 729 934 757 amare
954 714 1107 756 minus.
1523 718 1608 757 890

228 784 344 827 Exul
363 786 416 827 ab
437 783 647 840 [Egyptm
670 780 916 826 Constantis
934 787 1072 823 castra
1094 794 1170 837 per
1190 780 1324 836 Alpes

285 850 593 905 Gallorumque
613 847 718 891 adiit
738 847 894 904 frigida
913 861 1012 889 rura
1031 861 1187 889 senex:

226 917 383 960 Judice
403 924 445 959 te
466 915 629 965 merito,
650 914 755 956 latas
774 929 800 955 a
821 911 1019 969 Principe
1038 912 1153 970 leges

285 984 430 1026 Ausus
450 980 653 1024 doctrinae
673 977 957 1036 postposuisse
976 993 1074 1020 suae.

225 1047 453 1092 Proximus
473 1046 584 1096 huic,
605 1045 752 1088 mundi
773 1044 913 1087 tenuit
932 1045 1134 1087 Julianus
1152 1043 1361 1087 habenas:

284 1115 405 1157 Ante
425 1113 595 1170 quidem
617 1110 779 1154 Christi
799 1110 873 1166 qui
892 1110 1111 1153 simularat
1128 1125 1263 1153 ovem.

228 1180 480 1225 Sanctorum
500 1194 614 1221 nunc
633 1178 765 1221 hostis
784 1184 900 1220 erat:
932 1192 1079 1220 verum
1099 1176 1171 1219 ille
1190 1176 1380 1233 pepercit

282 1246 499 1295 Fortunis‚
520 1244 627 1288 sacri
646 1243 975 1301 corporibusque
994 1243 1148 1300 gregis.

228 1311 313 1357 Sed
332 1312 435 1356 secit
454 1311 566 1368 quod
589 1311 708 1367 pejus
727 1317 830 1352 erat.
892 1307 1006 1350 Nam
1028 1308 1188 1365 templa
1207 1307 1398 1351 Deorum

285 1377 518 1422 Surdorum
538 1375 700 1433 pridem
719 1375 861 1417 diruta
879 1373 1094 1423 restituit;
1522 1377 1607 1417 900

226 1444 378 1500 Atque
398 1443 605 1486 idolorum
625 1441 788 1485 cultum
807 1439 1022 1483 revocavit
1041 1439 1248 1496 ineptum.

286 1510 357 1555 Sic
376 1510 531 1552 iterum
550 1508 658 1551 ritus
677 1507 928 1551 convaluere
947 1505 1059 1548 mali.

227 1576 501 1622 Christicolas
519 1583 661 1618 autem
682 1574 823 1617 sanxit
843 1588 929 1615 non
949 1587 1038 1615 esse
1057 1571 1265 1615 docendos

283 1643 497 1701 Ingenua-s
515 1648 641 1691 artes,
660 1640 772 1684 bella
791 1645 997 1696 paratque
1016 1637 1179 1680 animis.

226 1710 311 1753 Sec.
345 1708 446 1752 Non
466 1715 603 1751 tutam
623 1707 764 1750 forsan
786 1705 997 1748 Pietatem
1017 1704 1180 1747 viderat
1199 1703 1311 1746 inter

285 1774 607 1823 Grammaticos,
628 1772 800 1830 logicos,
821 1770 1136 1826 rhetoricosque
1155 1769 1284 1812 viros.

230 1841 403 1886 Scilicet
420 1841 499 1892 his,
521 1839 678 1896 patrias
697 1853 815 1881 amor
833 1845 899 1880 est
918 1835 1221 1893 reprehendere
1241 1835 1376 1892 leges:

286 1908 347 1951 Et
364 1915 522 1951 statum
542 1920 683 1948 rerum
704 1911 881 1952 vertere,
902 1917 1066 1945 summa
1085 1901 1247 1945 Venus.

227 1974 328 2018 Non
350 1973 490 2016 minus
509 1971 668 2029 ingenii
689 1969 918 2014 committit
935 1968 1070 2026 gloria
1089 1968 1248 2019 doctos,

285 2040 426 2095 Quam
446 2054 568 2096 reges
588 2037 698 2094 rapti
718 2036 900 2080 dedecus
919 2035 1098 2092 imperii.
1526 2037 1610 2077 910

228 2107 310 2150 Pr.
340 2107 405 2149 At
424 2106 583 2149 frustra
602 2104 766 2147 cultum
786 2102 978 2159 permisit
995 2117 1072 2144 rex
1090 2101 1295 2145 Julianus

286 2172 501 2217 Gentibus
519 2171 758 2226 antiquum,
779 2184 904 2212 nemo
923 2168 998 2211 ubi
1018 2182 1135 2211 sacra
1152 2167 1291 2210 dabat.

230 2238 420 2295 Quisque
440 2253 563 2281 suum
583 2245 766 2286 taurum,
787 2235 969 2278 vitulum
990 2233 1248 2284 comedebat,
1268 2240 1314 2276 et
1338 2248 1522 2291 agnum3

288 2303 511 2349 sacrificus
530 2319 662 2353 rarus,
684 2302 855 2345 victima
875 2316 970 2344 cara
990 2300 1088 2343 fuit.

230 2370 465 2428 Frigebant
483 2386 581 2421 arae,
602 2370 852 2424 desertaque
872 2366 1031 2424 templa
1050 2366 1255 2409 silebant:

289 2435 556 2481 catholicum
575 2436 629 2479 de
648 2435 744 2478 Diis
763 2435 902 2478 dicere
923 2448 1055 2490 pauca
1073 2432 1172 2475 suit.

230 2501 293 2545 Et
310 2501 412 2544 dum
432 2502 614 2558 quisque
632 2516 751 2544 suam
770 2515 859 2543 rem
880 2499 1010 2542 solam
1029 2504 1151 2541 curat
1169 2504 1214 2540 et
1233 2503 1371 2554 urget,

288 2566 358 2611 De
375 2567 505 2610 dubia
522 2567 633 2610 dixit
652 2565 872 2623 relligione
894 2564 1013 2607 nibil.

232 2633 293 2677 Et
313 2632 415 2689 quia
432 2632 627 2675 desuetat
648 2631 828 2692 populus
849 2630 947 2673 Diis
966 2628 1213 2678 sacrificare,

291 2697 367 2740 Fit
385 2712 494 2740 nova
512 2696 689 2754 relligio,
709 2711 807 2752 quae
826 2696 912 2738 suit
930 2702 1029 2738 ante
1048 2701 1184 2736 vetus.
1528 2694 1611 2734 920

235 2765 303 2807 At
322 2778 420 2806 mox
440 2778 466 2805 a
484 2762 626 2805 Persis
645 2777 721 2805 rex
739 2761 919 2805 caeditur
937 2759 1151 2803 hostibus:
1183 2757 1328 2808 hostis,

292 2829 475 2872 Dicebat
492 2827 642 2876 clerus,
664 2826 779 2883 quod
797 2826 883 2869 fuit
901 2826 972 2869 ille
993 2825 1089 2868 Dei.

234 2895 361 2939 Tunc
381 2894 509 2938 etiam
530 2892 686 2937 Gotthi
704 2898 925 2949 coeperunt
942 2905 1058 2934 arma
1077 2904 1245 2932 movere
