1982 3204
206 410 297 436 CAP.
320 411 346 437 1.

189 455 380 477 »ἥρ-κ

170 495 218 524 De
231 498 372 535 subjecto,

170 540 332 579 principiis,
343 546 398 571 etc.

442 275 534 318 158
738 287 1027 323 PRINCIPIA
1056 290 1123 323 m·
1149 289 1525 324 PROBLEMATA

438 395 824 448 demonstratum
847 407 999 459 extet,
1027 416 1117 464 pro
1151 400 1393 464 principio
1429 401 1469 448 si
1502 406 1671 448 utatur
1703 401 1827 450 bene

435 473 599 524 faciet.
647 476 805 524 Omne
826 478 953 525 enim
978 477 1231 540 cognitum
1256 476 1320 524 ad
1344 476 1678 540 cognitionem
1701 477 1827 525 ulte-

436 550 615 599 riorem
638 552 864 616 principii
887 553 1044 601 vicem
1068 553 1274 600 obtinet.

503 626 648 674 Dicet
687 627 892 675 fortasse
930 627 1119 692 aliquis,
1146 627 1279 691 quod
1314 634 1472 675 totam
1505 627 1827 690 geometriam

436 701 623 750 colloco
641 703 692 750 in
710 703 1019 766 praecognitis
1041 721 1051 750 ε
1076 703 1162 751 sed
1178 703 1380 750 fallitur.
1418 702 1681 750 Geometra
1695 703 1827 752 enim

433 777 475 825 is
499 785 588 836 est,
613 785 670 826 ut
694 779 794 826 dixi
818 795 980 842 supra,
1005 779 1088 843 qui
1112 779 1438 842 quantitatem
1460 794 1549 842 per
1573 794 1827 842 compara-

434 853 620 902 tionem
644 854 969 902 determinare
1001 855 1196 903 noverit
1229 855 1281 902 in
1315 854 1673 918 quantitatibus
1698 855 1826 917 ejus-

433 928 545 976 dem
585 930 796 993 generis.
866 929 968 977 111ae
1000 936 1164 977 autem
1205 946 1323 994 quas
1359 946 1450 993 ego
1487 930 1825 993 praecognosci

430 1004 591 1063 velim,
608 1012 721 1053 sunt
742 1005 1067 1068 proprietates
1091 1006 1370 1069 geometriae
1399 1006 1694 1053 famulantes
1713 1013 1825 1053 tan-

428 1086 550 1139 tum,
576 1089 627 1129 et
649 1081 830 1144 gradus
853 1081 1027 1144 quibus
1049 1082 1335 1144 geometriae
1366 1081 1554 1129 altioris
1579 1081 1822 1145 mysteriis

428 1156 695 1214 initiamur,
717 1164 765 1204 et
785 1157 959 1220 quibus
978 1156 1254 1220 indigemus
1273 1173 1373 1205 non
1391 1156 1538 1205 modo
1558 1156 1622 1204 ad
1639 1158 1822 1220 figuras

429 1239 480 1279 et
520 1232 584 1279 ad
626 1249 774 1295 opera
813 1232 1022 1291 fabrilia,
1065 1232 1151 1280 sed
1191 1233 1338 1280 etiam
1380 1232 1444 1281 ad
1489 1232 1821 1296 cognitionem

429 1323 684 1355 causarum
732 1307 949 1355 omnium
990 1307 1305 1367 naturalium,
1341 1316 1398 1356 ut
1445 1323 1553 1372 quae
1590 1307 1643 1355 in
1682 1317 1821 1357 motu

428 1399 597 1431 omnes
616 1384 948 1431 continentur.

494 1458 764 1522 Principiis,
808 1467 858 1507 et
901 1466 1143 1522 praeterea
1187 1458 1572 1507 theorematibus
1613 1474 1722 1522 quae
1767 1458 1820 1508 in

425 1542 790 1595 geometrarum
835 1543 1058 1582 veterum
1109 1535 1246 1582 libris
1302 1535 1428 1582 bene
1483 1534 1821 1583 demonstrata

426 1617 614 1669 extant,
661 1618 795 1658 recte
841 1611 1100 1659 intellectis
1123 1629 1134 1658 ε
1188 1611 1369 1673 (scribo
1416 1610 1546 1658 enim
1592 1610 1688 1658 illis
1735 1611 1820 1674 qui

426 1686 682 1735 scientiam
716 1703 896 1750 augere
931 1686 1152 1750 cupiunt,
1191 1686 1419 1750 quoniam
1461 1686 1623 1749 gratia
1657 1686 1818 1748 operis

423 1762 594 1825 primis
629 1763 966 1810 inventoribus
997 1762 1163 1810 debita
1187 1771 1275 1819 est,
1302 1769 1351 1810 et
1384 1761 1567 1810 tradita
1599 1761 1817 1824 recipere

425 1853 568 1885 nemo
592 1854 692 1885 non
717 1845 882 1901 potest
906 1838 1000 1885 nisi
1018 1838 1102 1901 qui
1125 1837 1217 1885 sibi
1234 1837 1429 1885 videtur
1453 1852 1558 1884 esse
1576 1837 1678 1899 jam
1704 1836 1817 1884 doc-

424 1913 686 1975 tissimus):
723 1913 1002 1976 proximum
1049 1921 1137 1970 est,
1184 1929 1285 1961 non
1331 1913 1683 1971 demonstrare,
1730 1912 1817 1960 sed

422 2004 640 2052 quaerere
678 1989 1010 2052 proportionis
1048 2005 1194 2052 quam
1230 1989 1381 2037 habet
1422 1987 1711 2052 magnitudo
1753 1988 1816 2036 ad

423 2065 813 2128 magnitudinem
852 2080 1039 2113 causas.
1109 2065 1268 2112 Nemo
1310 2065 1441 2112 enim
1479 2064 1815 2112 demonstrare

422 2149 587 2203 potest
610 2140 661 2187 id
686 2139 817 2203 quod
838 2140 1011 2198 nescit,
1035 2156 1128 2187 nec
1153 2140 1277 2188 scire
1302 2140 1396 2187 nisi
1420 2156 1526 2203 quae
1556 2139 1814 2198 invenerit,

422 2231 530 2274 nec,
559 2216 653 2263 nisi
690 2215 1197 2272 rarissime,i11venire
1236 2214 1367 2278 quod
1409 2230 1508 2261 non
1546 2214 1810 2277 quaesierit.

421 2291 517 2339 Ars
541 2291 738 2354 quidem
762 2290 1042 2338 inveniendi
1067 2297 1202 2337 certa
1224 2290 1359 2337 nulla
1381 2298 1469 2336 est.
1530 2289 1812 2351 Sagacitate

421 2375 602 2425 autem,
618 2376 737 2429 puta
754 2365 1065 2430 experiendo,
1085 2364 1419 2428 supponendo,
1437 2365 1811 2427 consequentias

421 2459 451 2491 a
474 2443 736 2507 suppositis
765 2441 1069 2499 deducendo,
1099 2441 1412 2503 pervenietur
1446 2440 1710 2503 saepissime
1733 2441 1811 2488 vel

420 2518 484 2567 ad
502 2535 672 2567 causas
688 2518 892 2582 quaesiti,
902 2517 980 2564 vel
999 2516 1062 2564 ad
1081 2515 1278 2579 aliquod
1297 2515 1609 2578 impossibile.
1647 2516 1809 2580 Atque

421 2595 528 2652 hac,
565 2610 665 2642 non
703 2601 823 2651 arte,
863 2591 949 2640 sed
991 2591 1274 2654 sagacitate,
1315 2597 1580 2653 geometrae
1617 2598 1808 2638 veteres

417 2685 586 2718 omnes
609 2670 683 2717 usi
707 2676 841 2716 sunt:
879 2675 934 2715 ut
958 2667 1269 2714 manifestum
1289 2673 1362 2714 est
1387 2681 1442 2713 ex
1464 2681 1523 2713 eo
1543 2666 1675 2729 quod
1699 2666 1805 2714 the-

418 2753 638 2794 oremata
661 2760 830 2793 eorum
856 2743 1086 2807 pleraque
1118 2741 1359 2805 incipiunt
1384 2757 1413 2788 a
1440 2748 1558 2788 nota
1588 2741 1807 2805 supposi-

416 2822 563 2870 tionis
578 2821 638 2870 .ςὶθ
686 2820 783 2869 Sed
802 2818 1062 2884 quomodo,
1082 2817 1270 2880 inquiet
1289 2817 1479 2880 aliquis,
1500 2818 1805 2880 suppositum

416 2913 608 2947 sumere
625 2896 746 2945 illud
764 2903 926 2960 potest
941 2910 1038 2957 quo
1056 2893 1362 2958 potissimum
1377 2909 1499 2956 opus
1518 2892 1617 2941 est?
1655 2893 1805 2940 Certa
