1982 3204
596 294 858 331 censum
882 295 1102 331 mmv1s.
1481 284 1544 338 57

192 404 412 455 'Deinde
445 412 661 470 nugatur
700 407 761 456 de
798 406 1075 456 differentia
1106 407 1235 455 inter
1265 408 1464 472 pondus
1497 415 1550 457 et
1590 429 1802 457 mmm-10

153 497 290 540 onus,
315 482 454 545 quasi
482 482 682 547 pondus
713 482 777 532 ad
798 481 994 537 libram,
1023 498 1144 530 onus
1167 482 1231 530 ad
1266 490 1447 531 vectem
1470 499 1548 532 re·
1654 485 1743 512 ¹¹¹¹·

151 555 407 605 ferendum
431 566 559 606 esset
579 577 591 606 ε
627 574 738 607 cum
761 557 1076 607 manifestum
1100 557 1180 616 sit,
1199 558 1393 622 pondus
1411 559 1547 607 abso·

151 631 255 680 lute
277 647 469 696 semper
492 632 606 691 dici,
631 641 682 682 et
713 648 818 682 esse
851 648 1042 696 semper
1071 633 1123 680 in
1148 633 1317 681 eodem
1343 648 1548 696 corpore

153 706 315 763 idem;
360 724 478 756 omes
501 716 676 757 contra
696 723 888 772 semper
923 708 1127 756 relative
1158 707 1256 756 dici
1291 708 1354 756 ad
1387 708 1547 756 feren-

152 789 272 840 tem,
295 790 345 832 et
376 784 532 847 majus
557 783 632 832 vel
667 783 828 832 minus
862 799 952 847 pro
976 783 1168 832 ratione
1191 783 1373 832 virium
1398 784 1546 831 susti-

151 858 390 907 nentium.
1507 896 1539 930 X

219 932 406 981 Rursus
454 932 505 980 in
552 932 720 996 lingua
760 933 929 982 Graeca
968 943 1087 995 ἄχθος
1120 933 1322 983 deducit
1356 934 1418 982 ab
1442 931 1549 992 ἄγωὲ

150 1022 264 1057 cum
287 1007 488 1057 deberet
510 1008 572 1056 ab
597 1018 706 1068 ἄχος,
730 1008 887 1057 dolor.

505 1213 912 1249 DRFINITIONES
941 1215 1060 1260 XIV,
1095 1216 1189 1249 XV.

159 1346 162 1349 -
213 1315 553 1365 Directionem
584 1316 795 1372 mobilis,
818 1323 906 1365 aut
936 1316 1087 1366 etiam
1123 1323 1295 1376 motzae,
1328 1317 1544 1382 appello,

147 1400 335 1443 rectam
371 1411 471 1460 qua
508 1395 667 1443 tendit
703 1395 891 1443 mobile.
970 1395 1240 1459 Motu-sque
1275 1411 1546 1443 mensuram
1559 1416 1567 1422 ,⁴

147 1470 411 1518 secundum
457 1470 585 1519 hanc
629 1470 940 1529 (estimatum,
987 1476 1142 1518 motus
1187 1469 1546 1535 longitudinem

146 1545 365 1611 appello.
434 1545 524 1594 Sin
547 1562 700 1595 curva
710 1546 927 1610 feratur
950 1545 1140 1604 mobile,
1164 1546 1302 1609 cujus
1335 1545 1546 1594 directio

146 1620 200 1669 in
220 1619 438 1685 tingulis
451 1621 652 1686 punctis
671 1621 983 1669 immutetur.-
1006 1638 1068 1669 ea
1091 1627 1184 1679 est,
1199 1637 1302 1686 pro
1324 1621 1545 1686 singulis

136 1695 363 1761 punctis,
386 1702 541 1744 motus
566 1697 793 1756 directio,
809 1713 919 1762 qua:
938 1711 1137 1744 curvam
1151 1696 1203 1743 in
1220 1695 1323 1744 illis
1337 1696 1545 1761 punctis

146 1777 288 1820 recta
310 1771 572 1836 contingit.

210 1845 546 1896 Directionem
579 1847 770 1905 virium,
793 1863 882 1895 seu
918 1847 1164 1906 moventis,
1189 1845 1408 1912 appello,
1432 1862 1544 1896 rec-

144 1926 247 1969 tam
269 1937 368 1986 qua
392 1922 549 1970 tendit
583 1922 659 1970 vis
695 1921 893 1970 motrix.
962 1922 1233 1987 Motusque
1266 1938 1543 1971 mensuram

143 1996 402 2045 secundum
441 1997 571 2045 hanc
605 1998 910 2058 (estimatum,
945 1997 1148 2062 appello
1186 2004 1343 2046 motus
1374 1997 1544 2046 altitu-

146 2072 322 2122 dinem.

211 2147 530 2196 Manifestum
555 2156 631 2196 est
668 2147 988 2196 directionem
1021 2146 1218 2196 mobilis
1241 2163 1347 2196 esse
1384 2148 1542 2196 actio-

144 2238 253 2271 nem
274 2222 527 2281 moventis,
545 2238 633 2286 per
650 2239 798 2287 quam
822 2223 972 2272 efficit
989 2230 1043 2271 ut
1057 2223 1237 2271 mobile
1252 2239 1341 2287 per
1362 2223 1544 2271 lineam

145 2306 333 2346 certam
368 2306 420 2346 et
458 2298 655 2346 unicam
690 2306 961 2347 moveatur.
1030 2298 1178 2347 Actio
1215 2306 1380 2347 autem
1414 2298 1545 2347 linea

144 2387 244 2421 non
266 2381 373 2422 est:
395 2389 555 2437 neque
579 2389 697 2437 ergo
715 2374 937 2434 directio,
956 2382 1012 2423 ut
1035 2374 1117 2423 ille
1136 2374 1324 2433 definit,
1342 2381 1418 2422 est
1440 2374 1542 2423 lon·

143 2447 334 2512 gitud0‚
357 2448 445 2497 sed
468 2464 615 2498 causa
638 2449 852 2498 efficiens
875 2458 1055 2498 motus.
1126 2449 1239 2498 Hoc
1262 2465 1381 2514 ergo
1410 2465 1545 2498 erra-

144 2531 253 2572 tum
274 2525 487 2588 primum
511 2533 601 2573 est.

211 2599 457 2658 Secundo,
482 2609 539 2648 ut
562 2601 645 2648 illa
668 2609 805 2649 recta
826 2601 992 2659 fuerit,
1018 2616 1300 2665 quanquam
1331 2599 1541 2649 directio

145 2670 276 2722 linea
296 2683 438 2734 esset,
458 2675 894 2724 demonstrandum
930 2684 1097 2724 tamen
1120 2683 1241 2724 erat.
1312 2675 1459 2725 Quod
1490 2675 1542 2722 iu

147 2745 430 2798 definitione
448 2751 623 2799 vitium
645 2751 858 2799 alterum
881 2760 972 2801 est.

211 2821 393 2883 Tertio,
426 2826 557 2889 quod
597 2826 916 2875 directionem
954 2825 1146 2874 mobilis
1186 2825 1319 2874 dieat
1354 2834 1539 2872 rectam

146 2912 255 2946 eam
277 2913 381 2948 esse
405 2916 503 2963 qua
525 2901 684 2950 tendit
709 2901 904 2960 mobile,
928 2901 1103 2949 falsum
1123 2908 1212 2949 est.
1256 2900 1385 2948 Nam
1408 2898 1538 2946 idem
