1982 3204
226 207 326 256 xlvi

270 321 360 355 deris
383 326 617 362 consecratam,
632 333 698 355 non
725 322 864 366 amplius
879 323 1008 356 locutus

271 365 315 398 sit
335 366 370 397 in
398 371 510 398 monte
533 366 635 407 Sinai,
650 366 708 399 sed
729 366 765 398 in
788 367 1006 399 tabernaculo.

270 408 305 441 ii.
321 412 393 442 367.

269 453 407 484 verbum
423 452 591 495 scriptum,
611 457 732 495 praeter
754 453 860 496 legem
884 453 1007 485 Mosai-

270 506 353 534 cam,
369 507 473 538 usque
498 496 539 527 ad
563 496 784 539 captivitatem
806 496 933 528 nullum
949 508 1006 539 ag-

271 539 476 571 noscebatur.
491 539 526 571 ii.
542 543 659 573 367-8.

272 583 343 625 ejus
368 593 517 624 regnum,
538 593 597 625 per
625 587 756 625 pactum
786 594 918 622 novum,
940 594 1006 614 non

272 636 345 657 esse
368 636 507 667 regnum
530 625 656 659 Christi
680 631 718 659 ut
744 626 878 665 Christi,
895 627 952 658 sed
971 633 1007 658 ut

273 668 348 700 Dei.
361 668 395 701 ii.
408 672 508 702 375-6
523 669 705 702 z—coeleste
719 680 799 708 esse,
816 676 849 701 ct
863 669 1007 712 incipere

272 722 294 743 a
319 711 373 744 die
397 712 525 755 judicii.
548 712 582 745 ii.
606 715 667 746 377
677 713 883 755 :—incipere,
910 714 1007 755 juxta

272 755 369 794 Beza,
383 766 403 787 a
417 756 655 788 resurrectione
670 756 804 789 Christi.
820 756 866 788 iii.
882 761 955 788 460.

273 799 345 840 ejus
373 809 512 841 regnum
541 799 724 842 appellatur
760 799 859 831 etiam
888 811 1007 840 reynum

276 843 400 874 Christi.
426 842 460 874 ii.
485 846 676 875 3761-11011
706 842 891 874 mirandum
920 842 1006 874 idem

273 895 414 927 regnum
442 885 592 928 utrisque
608 886 718 924 tribui,
734 896 844 928 quare.
860 885 939 918 ibid.

274 939 341 960 non
357 929 469 961 Moses
485 939 591 971 neque
607 929 770 968 Christus,
786 929 844 961 sed
860 929 951 961 Deus
966 939 1007 960 ex

273 977 370 1014 pacto
384 983 445 1004 rex
460 977 539 1004 erat.
555 972 590 1004 ii.
607 976 682 1005 381.

271 1015 346 1064 ejus
372 1026 512 1058 regnum
534 1021 700 1058 comparat
722 1015 875 1048 Christus
906 1026 1009 1057 grano

274 1058 408 1100 smapis,
421 1063 455 1090 et
469 1058 629 1091 fermento
642 1058 830 1091 abscondito
845 1058 880 1091 in
894 1058 1009 1091 farina.

275 1101 310 1134 ii.
326 1105 399 1134 381.

273 1144 324 1176 illi
353 1144 476 1177 servire
504 1144 683 1176 secundum
711 1149 842 1187 pactum
879 1155 1010 1183 novum,

271 1198 350 1230 quae
365 1188 520 1220 continet.
536 1187 569 1219 ii.
586 1191 697 1220 381-2.

274 1231 311 1263 in
326 1232 397 1274 ejus
412 1242 525 1273 regne,
537 1231 627 1273 leges
638 1231 757 1263 futurae
771 1231 878 1263 nullae.
891 1231 925 1264 ii.
936 1235 1012 1263 383.

275 1275 348 1317 ejus
357 1275 502 1313 verbum,
513 1274 746 1316 quotupliciter
754 1274 967 1317 intelligatur.
977 1274 1010 1306 ii.

275 1317 552 1360 39lz—quicquid
563 1317 691 1349 locutus
703 1323 753 1350 est
763 1319 865 1350 Deus.
878 1317 1012 1350 ibid.:—

272 1361 435 1403 quicquid
448 1361 573 1393 dictum
586 1366 637 1392 est
652 1361 692 1393 ab
707 1361 905 1400 hominibus,
917 1361 1012 1403 jussu

277 1404 419 1447 Spiritus
446 1404 568 1437 Sancti.
584 1403 663 1437 ibid.
673 1404 875 1437 z—doctrina
901 1404 1012 1436 Evan-

276 1447 394 1490 gelica.
410 1447 490 1480 ibid.

276 1493 394 1522 verbum
407 1493 623 1532 interpretandi
637 1490 824 1530 auctoritas,
839 1501 906 1523 non
921 1501 1013 1533 spec-

274 1539 325 1567 tat
338 1534 380 1566 ad
393 1545 567 1577 personam
583 1545 811 1577 quamcunque
833 1539 1012 1567 externam.

276 1577 311 1610 ii.
327 1582 401 1611 410.

276 1621 451 1653 difficultas
476 1620 645 1664 proposita
666 1620 707 1653 de
726 1621 800 1654 Deo
816 1625 850 1653 et
871 1621 1014 1653 homini-

276 1664 339 1697 bus
365 1664 539 1697 obediendi
562 1664 789 1707 repugnantia,
805 1664 950 1697 tollenda
965 1670 1014 1697 est

275 1718 336 1750 per
363 1707 608 1740 distinctionem
642 1708 730 1740 inter
758 1708 941 1740 necessaria
982 1714 1015 1740 et

276 1761 344 1783 non
371 1751 556 1783 necessaria
585 1751 627 1783 ad
656 1751 803 1783 salutem.
819 1750 853 1783 ii.
867 1755 940 1784 414.
967 1751 1013 1783 111.

271 1798 340 1826 434
348 1794 470 1828 :——Deo
486 1794 591 1835 magis
613 1805 712 1836 quam
734 1794 922 1827 hominibus
937 1794 1015 1827 obe-

273 1837 350 1870 -dire
364 1842 501 1880 oportet.
515 1837 596 1870 ibid.
611 1837 692 1870 ibid.

278 1881 371 1913 Deus
397 1891 463 1912 non
478 1881 618 1924 amplius
632 1891 692 1923 per
706 1880 875 1914 Christum
891 1885 925 1913 et
939 1891 1015 1924 pro·

301 1924 394 1956 betas
407 1934 467 1956 nos
481 1923 668 1966 alloquitur,
682 1924 740 1956 sed
755 1935 815 1966 per
830 1924 901 1957 Scri
927 1930 1015 1957 turus

277 1934 454 2043 gwmss‘dii'
466 1971 529 1999 415
538 1981 545 2000 :
553 1978 660 2010 —quae
671 1967 845 2000 difficultas
860 1935 937 2000 inni'e
949 1967 1014 2000 ori-

279 2015 342 2043 tur.
358 2010 370 2042 i
394 2010 405 2042 i
430 2035 437 2042 .

274 2054 350 2095 ejus
365 2064 505 2096 regnum
518 2064 584 2085 non
609 2053 783 2092 clauditur,
799 2053 864 2085 nisi
877 2064 1015 2096 peccan-

278 2088 376 2130 tibus.
400 2097 434 2129 ii.
457 2101 530 2130 416.
558 2096 605 2130 111.
625 2101 856 2140 435x—neque
883 2097 960 2136 illis,
987 2098 1015 2130 si

278 2140 414 2173 credant
428 2139 583 2172 articulos
598 2140 798 2173 necessarios
810 2140 888 2172 fidei
900 2140 1016 2174 Chris-

279 2183 390 2216 tianae.
403 2183 482 2216 ibid.
498 2183 577 2216 ibid.

277 2228 352 2270 ejus
387 2227 542 2259 mandata
580 2226 616 2259 in
649 2226 782 2259 civitate
817 2226 1015 2266 Christiana,

278 2270 369 2302 circa
405 2271 588 2311 temporalia,
627 2269 718 2312 leges
758 2275 835 2303 sunt
873 2270 1016 2303 civitatis

279 2313 416 2356 prolatae
447 2313 488 2345 ab
510 2313 552 2345 iis
574 2313 695 2356 quibus
725 2313 836 2355 legum
864 2313 1015 2346 ferenda-

279 2367 353 2389 rum
383 2361 416 2389 et
443 2356 738 2388 controversiarum
762 2356 1016 2399 judicandarum

275 2399 457 2432 auctoritas
486 2410 506 2431 a
533 2399 666 2432 civitate
694 2399 868 2431 commissa
895 2405 955 2432 est.
980 2400 1015 2432 ii.

279 2443 489 2476 4292—circa
508 2445 689 2484 spiritualia,
705 2442 795 2484 leges
811 2448 887 2475 sunt
901 2442 1016 2476 civita-

278 2486 334 2526 tis,
349 2486 411 2519 hoc
427 2491 477 2518 est
489 2485 644 2525 ecclesiae,
654 2485 788 2535 prolata
802 2496 822 2518 a
831 2485 1016 2528 pastoribus

279 2529 344 2562 rite
367 2528 528 2562 ordinatis
555 2534 590 2561 et
615 2539 673 2571 qui
695 2539 715 2561 a
735 2528 867 2561 civitate
887 2528 923 2561 111
943 2539 1016 2562 eam

280 2583 350 2606 rem
368 2572 595 2605 auctoritatem
610 2577 815 2615 acceperunt.
831 2571 909 2605 ibid.

280 2616 482 2649 voluntatem
496 2625 557 2659 pro
572 2626 670 2658 opere
687 2615 834 2658 accipere
854 2614 1015 2665 promisit.

279 2658 327 2692 iii.
337 2663 412 2699 435,
423 2662 485 2693 447
497 2669 664 2692 t—eorum
676 2663 802 2691 tantum
813 2669 870 2701 qui
878 2658 1018 2691 credunt

278 2702 316 2735 in
341 2703 460 2736 Jesum
488 2701 669 2736 Christum.
687 2701 734 2734 iii.
750 2704 811 2735 447
827 2714 888 2734 ε-
899 2701 1018 2745 accipit

282 2745 443 2779 'ustitiam
465 2745 646 2784 hominum,
668 2744 703 2777 id
731 2750 792 2783 est,
815 2745 1016 2778 voluntatem

315 2800 354 2822 eo
370 2789 546 2822 subactam.
562 2787 609 2821 iii.
625 2792 815 2821 4362—non
838 2788 944 2831 exigit
964 2788 1016 2820 in-

280 2832 465 2865 nocentiam
487 2831 575 2864 ultra
595 2837 748 2864 conatum
763 2836 921 2864 nostrum.
936 2831 1017 2865 ibid.

276 2876 353 2919 ejus
367 2876 421 2908 lex
438 2886 512 2918 quae
529 2874 626 2918 jubet
647 2874 869 2907 obedientiam
888 2874 1018 2917 legibus

278 2919 443 2960 civilibus,
453 2918 551 2963 jubet
564 2917 784 2952 obedientiam
798 2917 1018 2962 praestandam

926 221 1123 256 INDEX.

1076 323 1249 366 praeceptis
1271 323 1423 356 omnibus
1438 322 1616 367 Scripturae
1632 323 1749 358 Sacrae.
1761 323 1808 357 iii.

1077 410 1195 452 quibus
1218 409 1316 442 hodie
1340 409 1487 452 loquitur
1509 410 1813 453 supernaturaliter,

1076 453 1286 485 examinandi
1301 458 1377 485 sunt-
1392 453 1566 495 quomodo.
1581 453 1627 486 iii.
1643 456 1717 487 437.

1077 497 1148 539 ejus
1162 507 1299 538 regnum
1315 496 1502 528 institutum
1516 496 1589 535 fuit,
1603 497 1812 530 ministrante

1077 540 1183 578 Mose,
1213 550 1311 581 super
1340 540 1364 572 J
1366 540 1478 571 udaeos
1508 540 1603 572 solos.
1625 539 1672 573 iii.
1687 544 1812 573 451:—

1076 583 1316 615 restituendum
1333 588 1392 622 est,
1414 594 1488 615 cum
1511 582 1623 616 Judaei
1637 593 1698 633 per
1707 583 1813 626 poeni·

1077 626 1211 658 tentiam
1230 626 1271 658 ad
1287 627 1396 658 Deum
1419 636 1454 658 se
1469 632 1699 659 converterint.
1714 626 1810 659 ibid.:

1076 669 1153 700 -111
1169 669 1222 701 die
1240 669 1358 712 judicii
1371 670 1578 712 incepturum
1592 675 1650 702 est.
1666 669 1745 702 ibid.
1759 683 1812 702 :—

1075 713 1174 744 verbo
1190 723 1256 755 quo
1270 712 1436 744 hominem
1449 723 1490 744 ex
1503 718 1591 745 terra
1601 712 1679 745 fecit
1692 713 1811 752 vivere,

1076 756 1191 787 eodem
1218 756 1324 788 facere
1347 756 1469 798 poterit
1496 762 1534 788 ut
1561 755 1700 788 cadaver
1723 767 1812 788 mor-

1076 804 1169 831 tuum
1186 799 1366 838 reviviscat,
1379 804 1412 831 et
1427 799 1514 831 vivat
1528 799 1564 831 in
1577 805 1747 832 aeternum.
1762 799 1810 832 iii.

1076 846 1150 880 458,
1166 845 1225 875 471
1241 842 1474 876 z—Creationis
1496 842 1550 875 die
1579 843 1705 885 quinto,
1731 842 1813 885 quid

1077 885 1172 918 dixit.
1196 885 1242 918 iii.
1255 890 1317 919 458
1333 886 1551 918 z—hominem
1579 885 1704 919 creavit
1729 896 1812 929 quo-

1078 929 1183 961 modo.
1198 928 1277 962 ibid.

1077 972 1169 1004 locus
1182 972 1393 1004 difficillimus
1409 983 1428 1004 a
1442 973 1529 1004 Beza
1546 972 1667 1004 citatus
1681 971 1723 1004 ad
1734 982 1814 1016 pro·

1078 1015 1232 1054 bandum,
1245 1016 1332 1058 quod
1342 1015 1405 1047 Dei
1417 1026 1556 1058 regnum
1565 1015 1602 1047 in
1616 1015 1678 1048 hoc
1690 1015 1813 1048 mundo

1079 1069 1166 1091 nunc
1188 1058 1310 1091 existit.
1326 1059 1373 1092 iii.
1396 1058 1604 1092 4602—a1ius
1625 1059 1661 1091 in
1682 1063 1813 1092 conm-

1078 1102 1164 1134 rium
1194 1112 1260 1133 non
1289 1102 1398 1135 minus
1426 1102 1578 1134 difficilis.
1597 1102 1644 1135 iii.
1659 1101 1814 1135 4612-si

1079 1145 1255 1188 incepisset
1276 1145 1311 1177 in
1326 1145 1565 1178 resurrectione
1583 1145 1719 1184 Christi,
1745 1156 1813 1177 non

1079 1194 1251 1231 precarent
1266 1189 1446 1222 Christiani
1471 1188 1580 1228 hodie,
1595 1191 1735 1221 adveniat
1748 1200 1814 1230 rey-

1079 1244 1151 1262 num
1166 1238 1256 1264 tuum.
1272 1231 1352 1265 ibid.

1079 1275 1115 1306 in
1137 1275 1324 1307 hominibus
1346 1280 1500 1318 operatur
1522 1279 1592 1308 tum
1613 1275 1721 1308 facere
1742 1279 1814 1308 tum

1080 1318 1173 1351 velle.
1187 1318 1235 1350 iii.
1249 1318 1440 1351 4662-sine
1468 1319 1540 1362 ejus
1565 1318 1672 1361 gratia
1698 1318 1814 1357 libera,

1080 1372 1176 1393 nemo
1210 1361 1309 1394 habet
1336 1361 1583 1394 inclinationem
1611 1361 1654 1394 ad
1681 1361 1815 1400 bonum,

1080 1415 1188 1447 neque
1216 1404 1476 1447 resipiscentiam
1506 1416 1526 1437 a
1553 1404 1648 1438 malo.
1672 1404 1752 1438 ibid.
1761 1417 1815 1438 t—

1082 1448 1170 1490 quod
1184 1454 1318 1490 peccata
1344 1448 1513 1480 hominum
1534 1447 1734 1481 cruciatibus
1755 1458 1815 1480 ex-

1082 1491 1195 1523 tremis
1210 1496 1244 1524 et
1259 1491 1329 1523 sine
1344 1492 1410 1523 fine
1425 1491 1582 1534 temporis
1595 1491 1713 1535 punire
1724 1491 1814 1531 velit,

1082 1534 1201 1566 durum
1215 1534 1353 1567 videtur.
1368 1535 1448 1567 ibid.

1082 1579 1153 1621 ejus
1169 1588 1286 1617 sermo,
1305 1589 1380 1610 cum
1409 1578 1482 1610 fleri
1498 1578 1600 1621 jussit
1620 1577 1743 1617 lumen,
1757 1577 1815 1610 fir-

1082 1627 1291 1660 mamentum,
1314 1627 1386 1661 etc„
1415 1621 1615 1664 improprius
1640 1632 1708 1654 non
1734 1626 1816 1661 erat,

1082 1664 1160 1714 quia
1174 1664 1380 1708 significabat
1398 1664 1579 1708 potentiam
1593 1664 1699 1697 divini
1713 1664 1816 1698 verbi.

1081 1707 1129 1739 111.
1148 1711 1222 1741 478.

1082 1761 1156 1783 cum
1172 1751 1338 1784 Israelitas
1361 1751 1397 1783 in
1421 1756 1543 1784 terram
1557 1750 1751 1802 promissam
1764 1750 1816 1783 in-

1083 1794 1241 1834 duxisset,
1257 1805 1359 1838 quare
1380 1800 1497 1838 gentes
1513 1794 1636 1827 vicinas
1661 1805 1728 1826 non
1748 1794 1818 1827 illis

1082 1838 1249 1880 superavit
1277 1848 1400 1877 omnes,
1428 1837 1486 1870 sed
1507 1837 1681 1870 nonnullas
1702 1847 1817 1870 earum

1082 1880 1216 1924 reliquit
1225 1882 1319 1924 quasi
1332 1881 1442 1924 spinas
1455 1881 1492 1914 in
1505 1881 1638 1914 illorum
1649 1880 1817 1914 lateribus.

1081 1923 1131 1957 iii.
1146 1927 1219 1958 479.

1082 1967 1140 2010 qui
1154 1967 1243 2000 modi
1257 1968 1367 2000 Deum
1388 1967 1530 2008 colendi,
1551 1967 1739 2001 idololatria
1767 1971 1820 2001 est

1082 2011 1134 2043 vel
1149 2022 1215 2043 non
1230 2017 1289 2044 est.
1304 2010 1351 2044 iii.
1368 2015 1484 2044 485—6.

1083 2055 1296 2097 quamobrem
1322 2054 1472 2087 doctores
1498 2053 1640 2087 Romani
1658 2054 1769 2086 Deum
1783 2058 1819 2087 et

1083 2097 1218 2139 angelos
1243 2098 1380 2141 pingere
1402 2097 1529 2131 licitum
1543 2108 1615 2130 esse
1630 2097 1756 2131 volunt.
1769 2096 1818 2131 iii.

1084 2184 1124 2216 de
1140 2195 1179 2216 eo
1194 2184 1283 2227 quod
1297 2184 1338 2216 ab
1353 2188 1477 2216 aeterno
1498 2183 1696 2223 decreverat,
1711 2183 1819 2226 loqui·

1085 2232 1139 2259 tur
1165 2238 1390 2270 saepenumero
1412 2232 1567 2270 tanquam
1589 2226 1631 2260 de
1645 2232 1820 2271 praesente.

1082 2269 1130 2302 iii.
1144 2274 1218 2303 494.

1083 2314 1155 2356 ejus
1169 2316 1297 2353 verbum,
1311 2323 1429 2356 nempe
1445 2313 1579 2345 caristus
1587 2315 1763 2355 promissus,
1777 2313 1820 2347 ab

1083 2362 1207 2389 aeterno
1222 2362 1301 2389 erat.
1317 2356 1363 2389 iii.
1375 2360 1450 2388 494.

1082 2401 1146 2431 Dei
1154 2402 1256 2441 qratia
1266 2412 1320 2432 rex
1330 2401 1447 2439 Gallie,
1462 2399 1550 2432 unde
1560 2399 1685 2433 titulus.
1691 2399 1739 2432 iii.
1744 2403 1820 2434 496.

1084 2443 1279 2476 Scholastici
1295 2442 1479 2475 concedunt
1500 2443 1610 2475 Deum
1623 2454 1696 2476 esse
1708 2453 1821 2476 rerum

1083 2491 1118 2519 et
1131 2485 1296 2518 actionum
1319 2496 1450 2519 causam
1469 2486 1618 2529 primam.
1634 2486 1681 2520 iii.
1697 2490 1822 2520 ⁵012-

1082 2529 1335 2571 incongruitatis
1350 2539 1481 2562 causam
1496 2540 1577 2569 esse,
1591 2540 1613 2562 11
1701 2535 1724 2563 t.
1739 2528 1820 2563 ibid.

1084 2572 1113 2604 si
1127 2571 1162 2604 in
1177 2583 1275 2605 causa
1289 2573 1380 2605 Deus
1395 2577 1455 2611 est,
1477 2583 1537 2605 cur
1565 2583 1626 2605 con
1651 2582 1822 2606 emnamur

1083 2626 1153 2648 nos.
1169 2615 1217 2648 iii.
1232 2619 1416 2648 5012—cur
1437 2615 1478 2648 ab
1493 2621 1619 2649 aeterno
1632 2616 1726 2650 Deus
1738 2615 1821 2649 dios

1084 2658 1196 2701 elegit,
1212 2658 1293 2691 alios
1307 2659 1503 2702 reprobavit.
1517 2659 1596 2692 ibid.

1085 2704 1135 2733 eui
1147 2704 1221 2734 bono
1236 2702 1420 2734 doctrinam
1435 2702 1476 2735 de
1486 2713 1590 2746 regno
1600 2702 1667 2735 Dei
1680 2712 1701 2735 a
1713 2712 1822 2736 mam*-

1086 2745 1232 2778 rectione
1255 2745 1382 2779 Christi
1403 2746 1566 2785 restituto,
1587 2745 1747 2780 doctn‘nae
1766 2745 1822 2790 ip-

1086 2788 1154 2821 sius
1169 2788 1297 2822 Christ-i
1313 2789 1395 2821 adeo
1417 2794 1665 2832 repugnantem,
1680 2793 1751 2822 tum
1763 2798 1820 2822 eo-

1085 2831 1186 2864 clesia
1207 2832 1356 2864 Romana
1380 2837 1450 2866 tum
1479 2831 1630 2865 nonnulli
1651 2831 1709 2866 alii
1722 2831 1822 2876 vulgo

1085 2874 1214 2908 docent.
1231 2875 1279 2908 111.
1295 2879 1367 2909 503.

1087 2919 1159 2961 ejus
1173 2929 1312 2962 regnum
1326 2918 1514 2952 institutum
1529 2918 1565 2952 in
1574 2918 1704 2953 Judaeia
1718 2895 1823 2952 aueo

1976 1523 1982 1576 -ῳ-
1970 1414 1982 1512 ,Λή-..5η
1975 1343 1982 1404 ῌῌ..

1972 2100 1975 2106 -
1972 1884 1982 2077 —ffla-dn.„.m
1974 1716 1982 1852 ..uu—...un—
1978 1592 1982 1682 -....
