1982 3204
290 203 372 251 xvi

332 319 479 352 ecclesiae
504 319 548 352 sit
572 319 704 363 optima.
733 319 813 352 ibid.
821 319 1067 352 z-sententiam

332 363 398 395 fert
422 374 482 406 pro
508 363 623 402 mixta,
637 362 741 405 magis
767 363 996 406 participiente
1026 363 1066 394 de

332 406 531 439 monarchia.
546 406 616 438 ibid
624 406 809 449 :-—quoestio
825 407 931 445 tertia,
957 413 1066 438 utrum

332 450 518 482 monarchae
542 449 651 482 locum
672 450 809 482 haberet
823 450 954 482 Petrus.
971 449 1065 480 ibid.:

334 493 544 524 —conclusio
559 493 671 532 altera,
686 494 822 525 Petrum
838 493 937 524 fuisse
953 493 1068 524 Romae

334 536 532 578 episcopum.
549 536 594 568 iii.
611 540 672 570 407
686 537 849 574 z—altera,
866 546 1068 568 successores

334 579 424 611 illius
438 579 540 611 fuisse
555 579 727 622 pontifices
742 581 917 612 Romanos.
935 578 1012 610 ibid.
1021 592 1069 610 :—

334 623 472 664 quaestio
483 623 594 662 altera,
605 634 646 654 an
659 623 746 666 Papa
758 622 1068 655 sitAnti-Christus.

332 665 379 697 iii.
401 670 462 698 408
477 666 705 705 :-conclusio,
728 667 850 708 Papam
877 665 912 696 in
939 671 1069 697 contro-

333 708 449 740 versiis
465 709 626 748 omnibus,
642 716 711 741 tum
737 709 813 740 fidei
841 715 910 741 tum
931 719 1069 746 morum,

333 762 522 794 supremum
533 763 604 784 esse
612 753 766 795 judicem.
781 752 826 784 iii.
839 756 900 784 409
914 762 1069 783 z—sacer-

333 795 404 827 doti
419 806 547 828 summo
567 796 676 828 datam
692 807 763 828 esse
778 796 885 827 lucem
901 800 934 827 et
950 794 1068 826 verita-

332 843 410 870 tem.
425 838 471 871 iii.
481 843 543 870 412
558 839 733 888 :—Papam
744 844 939 881 potestatem
950 838 1069 870 habere

332 881 368 913 in
397 881 585 914 civitatibus
626 882 740 914 ahenis
770 881 994 924 legislativam.
1021 881 1068 913 iii.

331 929 434 956 413-4
449 925 667 957 z—conclusio
688 925 813 963 ultima,
829 925 1000 958 Christum
1013 925 1067 967 ju-

331 967 557 1000 risdictionem
572 969 824 1000 ecclesiasticam
840 967 965 1000 nemini
979 979 1066 999 com-

331 1011 460 1043 misisse
489 1011 678 1044 immediate
709 1018 929 1054 praeterquam
957 1011 1066 1054 Papae.

333 1054 380 1087 iii.
397 1058 471 1087 419.

330 1097 470 1140 probare
481 1103 618 1130 conatur
628 1097 893 1141 jurisdictionem
907 1108 998 1129 suam
1013 1109 1066 1130 ac-

331 1140 441 1183 cipere
457 1141 626 1183 episcopos
642 1153 661 1173 a
676 1142 774 1183 Papa.
791 1141 837 1173 iii.
854 1145 914 1172 421
925 1146 1067 1173 :-recte

319 1190 365 1215 'et
379 1184 522 1225 ingenue
546 1184 782 1227 interpretatur
804 1184 911 1216 locum
930 1183 971 1215 de
987 1184 1067 1226 Sep-

332 1227 481 1269 tuaginta
507 1227 595 1266 viris,
629 1227 748 1270 quibus
777 1233 904 1270 partem
932 1227 1068 1270 spiritus

335 1270 442 1302 Mosis
457 1270 549 1302 dedit
564 1271 665 1302 Deus.
680 1270 760 1302 ibid.

330 1314 507 1353 concludit,
544 1314 668 1356 Papam
695 1313 731 1345 in
769 1313 925 1345 dominiis
954 1313 1070 1345 alienis

332 1356 591 1389 'urisdictionem
614 1356 827 1399 temporalem
858 1357 981 1388 nullam
1011 1357 1068 1388 ha-

355 1411 409 1432 ere
424 1402 540 1432 directe.
556 1400 603 1432 iii.
616 1404 680 1432 424
689 1405 936 1443 :—potestatem
949 1400 1070 1432 habere

331 1443 545 1486 temporalem
561 1454 720 1475 summam
735 1445 884 1475 indirecte.
900 1443 979 1475 ibid.

331 1486 463 1528 quando
479 1486 569 1525 dicit„
585 1487 709 1529 Papam
731 1487 767 1518 in
792 1486 938 1518 dominio
962 1486 1070 1518 alieno

331 1535 526 1572 potestatem
543 1541 702 1562 summam
718 1530 842 1562 directe
856 1541 922 1562 non
938 1530 1069 1568 habere,

332 1573 496 1615 quomodo
525 1573 770 1615 intelligendus.
800 1573 846 1604 iii.
873 1577 994 1606 4252—
1020 1574 1069 1605 'us

332 1622 573 1658 argumentum,
585 1616 678 1648 illum
692 1616 749 1658 qui
760 1622 955 1659 potestatem
971 1616 1014 1648 ha
1038 1622 1070 1648 et

332 1659 548 1702 spiritualem,
574 1660 631 1702 jus
666 1659 788 1691 habere
817 1659 1002 1702 imperandi
1034 1659 1069 1691 in

331 1703 498 1745 principes
514 1703 720 1746 temporales,
735 1702 771 1734 in
786 1703 902 1735 ordine
917 1703 958 1735 ad
973 1702 1070 1746 spiri·

333 1746 442 1778 tualia.
459 1746 506 1778 iii.
522 1750 596 1779 426.

331 1789 542 1832 pontificatus
562 1789 704 1821 Romani
718 1793 832 1822 contra
846 1799 942 1832 reges
955 1789 1070 1822 Chris-

333 1833 439 1865 tianos
455 1833 557 1875 pugil.
573 1833 619 1865 iii.
635 1837 709 1864 434.

331 1886 406 1918 quae
422 1876 493 1907 loca
509 1875 752 1918 Scripturarum
772 1874 853 1907 citat
869 1886 929 1918 pro
954 1887 1069 1917 purya-

332 1922 417 1951 torio.
446 1919 494 1952 iii.
511 1923 632 1952 468-74
644 1929 762 1961 :-quo
791 1929 888 1950 sensu
914 1919 1072 1962 intelligit

296 1996 299 1998 ,
332 1962 432 1994 verba
447 1963 480 1995 S.
497 1962 603 2001 Pauli,
618 1965 705 2004 quasi
718 1973 772 2003 per
786 1964 889 2003 ignem.
905 1961 951 1994 iii.
968 1966 1041 1996 471.

331 2005 361 2037 is
376 2011 410 2038 et
424 2005 574 2038 doctores
590 2005 693 2048 aliqui
716 2005 823 2037 locum
843 2005 1071 2038 damnatorum

331 2053 518 2082 statuerunt
536 2049 624 2081 circa
647 2053 796 2081 centrum
813 2054 919 2081 terrae.
934 2049 982 2081 iii.
997 2053 1070 2082 518.

331 2097 426 2134 putat
449 2092 550 2124 verba.
573 2104 610 2123 ea·
626 2093 714 2130 Filio,
731 2102 804 2134 quae
828 2097 905 2123 sunt
930 2091 965 2124 in
981 2103 1070 2136 sym-

332 2135 408 2167 bolo
424 2135 611 2174 Athanasii,
626 2135 684 2167 sed
698 2145 764 2167 non
785 2134 819 2166 in
843 2135 993 2178 symbolo
1011 2135 1071 2167 Ni-

331 2189 423 2215 ceno,
437 2178 551 2210 addita
566 2189 637 2210 esse
657 2178 692 2210 in
717 2177 857 2210 concilio
879 2178 1071 2211 Constanti-

331 2221 522 2264 nopolitano
537 2221 689 2254 secundo.
706 2221 752 2253 iii.
770 2225 842 2253 520.

296 2297 299 2300 ,
330 2265 404 2307 ejus
428 2264 576 2297 definitio
592 2277 734 2306 personae.
751 2264 797 2296 iii.
814 2268 876 2296 534
890 2275 1009 2297 :—non
1023 2265 1072 2296 in-

331 2308 462 2340 tellexit
476 2307 542 2339 vim
566 2307 695 2340 Latinae
711 2307 799 2339 vocis
823 2319 966 2348 personae.
991 2308 1070 2341 ibid.

331 2351 403 2393 ejus
418 2351 503 2383 liber
517 2353 567 2382 De
586 2351 712 2383 Christo.
726 2350 773 2382 iii.
791 2354 863 2383 535.

331 2399 432 2436 negat
446 2394 598 2426 doctores
621 2404 697 2426 suos
718 2393 945 2436 philosophice
959 2394 1072 2437 dispu-

301 2464 307 2468 .
332 2442 412 2476 tare,
425 2442 462 2470 ut
470 2436 681 2469 ostenderent
687 2436 896 2476 Trinitatem,
906 2437 964 2469 sed
970 2438 1072 2470 utsol-

332 2486 411 2513 vant
425 2479 626 2529 sophismata
638 2479 921 2530 philosophorum.
937 2480 985 2513 iii.
999 2485 1071 2514 536.

288 2522 563 2559 BELLUM—belli
584 2523 690 2554 civilis
711 2533 818 2555 causa.
835 2522 856 2555 i.
874 2526 903 2556 7.
919 2523 966 2556 iii.
991 2527 1069 2557 546:

331 2565 565 2605 ——officiorum‚
585 2565 619 2597 id
636 2571 686 2598 est
701 2565 834 2598 moralis
849 2566 1005 2606 scientiae,
1020 2567 1031 2599 i
1057 2585 1071 2592 ·

332 2609 538 2642 norationem
573 2609 798 2651 consequitur.
836 2609 858 2642 i.
891 2613 910 2642 8
928 2610 1037 2642 z—nul
1052 2621 1071 2642 a

331 2652 440 2686 acrius
455 2657 627 2696 geruntur,
642 2663 740 2694 quam
754 2651 843 2684 inter
857 2652 1002 2695 ejusdem
1019 2664 1070 2685 re-

331 2695 465 2739 ligionis
493 2701 599 2728 sectas
632 2701 667 2728 et
703 2695 850 2738 ejusdem
880 2695 1071 2739 reipublicae

330 2739 499 2772 factiones.
522 2738 555 2771 ii.
576 2742 636 2772 163
650 2749 772 2781 z—quae
795 2738 830 2771 in
853 2739 932 2771 orbe
955 2739 1070 2773 Chris-

333 2783 422 2815 tiano
451 2792 596 2825 unquam
625 2781 818 2821 extiterunt,
834 2793 854 2814 a.
869 2793 934 2825 qua
960 2782 1070 2815 radice

330 2825 443 2858 omnia
464 2832 536 2858 orta
556 2830 642 2858 sunt.
661 2824 696 2857 ii.
720 2829 793 2863 223,
809 2825 1070 2859 n2-seditiones

980 219 1179 253 INDEX.

1135 323 1169 351 et
1182 317 1479 351 concertationibus
1494 317 1535 350 de
1549 316 1683 361 ingenio
1694 317 1872 362 sepissime

1135 368 1324 395 nascuntur.
1339 362 1385 394 iii.
1402 366 1474 395 546.

1136 405 1214 437 belli
1235 411 1362 444 natura,
1377 405 1413 436 in
1435 415 1500 447 quo
1522 404 1681 437 consistit.
1700 403 1748 437 iii.
1770 407 1823 437 99.
1836 403 1872 437 ii.

1139 453 1209 487 166,
1226 453 1285 480 411
1299 448 1591 481 z—conservationi
1618 447 1787 480 hominum
1815 447 1874 480 ad-

1136 503 1276 523 versum.
1302 492 1336 524 ii.
1366 496 1424 524 166
1433 502 1552 534 z—qua
1575 502 1674 523 causa
1702 490 1874 534 sempiter-

1136 546 1226 567 num.
1243 535 1323 567 ibid.

1136 578 1283 610 omnium
1306 583 1421 610 contra
1442 588 1565 616 omne&
1581 582 1615 610 et
1635 577 1700 610 fuit
1719 582 1752 610 et
1773 575 1873 609 hodie

1138 627 1196 654 est.
1212 621 1258 654 iii.
1278 624 1334 654 101
1349 621 1508 654 2—adhuc
1523 621 1711 653 civitatibus
1730 620 1818 652 inter
1838 630 1874 652 se

1138 671 1320 697 exercetur.
1343 664 1390 697 iii.
1410 669 1468 697 128
1477 664 1606 696 z—talis
1626 663 1705 696 belli
1726 662 1873 695 conditio

1137 708 1282 740 libertati
1298 708 1439 740 naturali
1461 707 1645 740 necessario
1660 707 1813 739 adheret·
1826 705 1874 738 iii.

1142 755 1211 784 127.
1227 752 1262 784 ii.
1278 751 1433 784 210:—in
1458 762 1507 790 eo,
1529 750 1614 782 nihil
1638 750 1808 794 injustum.
1822 749 1872 781 iii

1141 799 1198 826 101
1218 808 1225 827 2
1238 814 1280 818 —
1291 794 1474 826 dominium
1517 794 1655 833 nullum,
1691 792 1875 836 proprietas

1138 838 1236 870 nulla.
1253 838 1332 870 ibid.

1138 892 1157 913 a
1168 881 1306 913 diversis
1316 880 1486 913 hominum
1497 879 1706 924 appetitibus.
1714 878 1750 912 ii.
1765 881 1873 913 Iso-⁷.

1137 924 1184 957 iii.
1203 929 1273 957 122.

1135 967 1171 999 in
1195 968 1254 1000 illo
1279 967 1423 1000 nationis
1447 972 1562 1000 contra
1576 965 1753 1005 nationem,
1769 965 1875 1009 qualis

1136 1011 1252 1043 modus
1267 1010 1425 1043 custodiri
1437 1011 1572 1043 solebat.
1587 1009 1621 1042 ii.
1638 1014 1711 1042 210.

1136 1054 1251 1097 lingua.
1272 1054 1426 1091 hominis,
1446 1054 1526 1086 belli
1547 1059 1581 1087 et
1603 1053 1775 1086 seditionis
1796 1052 1877 1085 tuba

1136 1098 1295 1140 quaedam.
1310 1098 1346 1130 ii.
1364 1101 1495 1129 212-13.

1136 1141 1275 1173 virtutes
1290 1141 1473 1172 cardinales
1488 1140 1577 1180 belli,
1593 1139 1643 1172 vis
1657 1145 1692 1172 et
1706 1139 1811 1172 dolus.
1826 1138 1876 1171 iii.

1135 1227 1171 1259 in
1186 1227 1272 1259 bello
1285 1226 1391 1266 civile,
1406 1226 1472 1259 duo
1487 1227 1572 1259 fiunt
1596 1237 1712 1259 summa
1737 1228 1876 1267 imperia.

1135 1270 1170 1303 ii.
1187 1274 1261 1303 225.

1137 1313 1215 1345 belli
1230 1313 1359 1356 gladius
1370 1323 1470 1356 penes
1482 1323 1557 1345 eum
1572 1318 1632 1350 est,
1642 1312 1700 1356 qui
1709 1322 1877 1345 summum

1137 1357 1237 1389 habet
1251 1356 1437 1399 imperium.
1452 1356 1486 1389 ii.
1501 1360 1574 1389 220.

1138 1400 1284 1432 veritatis
1300 1411 1390 1432 novae
1405 1405 1572 1442 utcunque
1590 1398 1700 1432 subita
1713 1397 1875 1442 apparitio

1138 1443 1260 1475 bellum
1285 1443 1428 1486 sopitum
1452 1443 1596 1475 excitare
1621 1448 1740 1486 potest,
1762 1452 1876 1485 pacem

1139 1494 1248 1519 tamen
1264 1497 1431 1529 nunquam
1446 1486 1558 1519 violat.
1574 1486 1621 1518 iii.
1642 1490 1711 1519 136.

1139 1530 1219 1562 belli
1233 1530 1340 1562 civilis
1355 1536 1389 1562 et
1404 1530 1602 1562 seditionum
1618 1534 1800 1572 praetextus
1809 1528 1877 1561 fre—

1139 1573 1384 1616 quentissimus,
1399 1573 1435 1604 in
1461 1572 1700 1616 rebuspublicis
1715 1572 1878 1606 Christia-

1139 1617 1201 1655 nis,
1217 1616 1391 1648 difficultas
1407 1617 1480 1648 Deo
1489 1622 1523 1649 et
1538 1615 1680 1648 hominis
1690 1615 1787 1648 simul
1799 1615 1876 1648 obe-

1139 1660 1263 1692 diendi.
1279 1659 1328 1692 iii.
1343 1664 1416 1692 434.

1139 1703 1218 1735 belli
1231 1703 1338 1735 civilis
1357 1702 1484 1744 Angliae
1500 1713 1599 1735 causa
1613 1702 1676 1735 fuit
1688 1701 1801 1745 opinio
1816 1702 1876 1734 do-

1139 1746 1284 1779 centium
1296 1747 1374 1790 jura
1389 1746 1483 1788 regni
1498 1746 1604 1778 divisa
1622 1757 1694 1778 esse
1714 1746 1803 1778 inter
1824 1756 1876 1778 re·

1139 1801 1226 1832 gem,
1250 1801 1413 1832 proceres,
1439 1795 1473 1821 et
1499 1796 1618 1822 coetum
1642 1789 1876 1822 communium.

1138 1833 1186 1866 iii.
1204 1833 1410 1865 1382—idem
1425 1832 1515 1865 nasei
1537 1832 1683 1876 potuisse
1706 1843 1773 1864 non
1787 1832 1878 1865 vide·

1138 1882 1203 1914 tur,
1219 1877 1248 1908 si
1263 1876 1418 1908 unionem
1434 1876 1569 1918 Angliae
1580 1882 1614 1908 et
1637 1875 1753 1909 Scotiae
1767 1876 1878 1919 perfe-

1139 1920 1238 1952 cisset
1261 1919 1406 1952 Jacobus
1430 1930 1500 1952 rex.
1524 1919 1571 1952 iii.
1599 1919 1804 1952 15⁰2—idem
1830 1930 1880 1952 ac-

1139 1963 1321 1995 cenderunt
1355 1963 1588 2006 praedicatores
1627 1968 1763 2006 propter
1796 1973 1878 2005 quas

1139 2017 1263 2039 causas.
1279 2006 1325 2039 iii.
1342 2010 1414 2038 502.

1139 2050 1227 2082 bello
1248 2060 1287 2082 ca
1311 2055 1373 2088 tus,
1388 2049 1423 2081 ni
1445 2049 1699 2082 intervenissent
1719 2048 1879 2091 obligatio

1140 2099 1174 2126 et
1188 2093 1284 2125 vincu
1299 2104 1318 2124 a
1332 2092 1476 2135 paetitia,
1491 2092 1661 2124 dominum
1677 2103 1782 2131 suum,
1797 2102 1877 2124 con-

1140 2142 1339 2168 servatorem
1351 2136 1427 2168 vitae
1437 2136 1466 2178 ej
1472 2146 1519 2175 us,
1531 2135 1598 2168 vita
1605 2135 1747 2178 spoliare
1758 2141 1878 2178 potest.

1139 2179 1175 2212 ii.
1190 2183 1266 2212 251.

1140 2223 1217 2261 dux,
1233 2222 1338 2265 qualis
1353 2232 1425 2254 esse
1446 2221 1552 2254 debet.
1569 2221 1615 2254 iii.
1640 2225 1704 2255 253
1715 2221 1878 2255 ι-ΐιινοτο

1139 2265 1281 2298 militum
1296 2265 1433 2303 civitati,
1442 2271 1476 2297 et
1485 2265 1627 2298 maxime
1640 2265 1878 2306 democraticoe,

1139 2308 1342 2349 periculosus
1354 2308 1400 2341 fit.
1412 2308 1492 2340 ibid.

1140 2351 1219 2384 belli
1232 2358 1266 2384 et
1279 2351 1369 2394 pacis
1384 2351 1476 2383 nervi
1492 2356 1570 2384 sunt
1584 2351 1741 2395 pecunie.
1755 2351 1790 2385 ii.
1801 2356 1878 2386 289.

1139 2394 1226 2428 bella
1240 2394 1350 2427 civilia
1363 2394 1399 2426 in
1415 2395 1604 2434 Germania,
1620 2395 1740 2434 Gallia,
1755 2401 1790 2428 et
1803 2396 1878 2428 An-

1139 2437 1218 2481 glia‚
1232 2443 1310 2470 nata
1331 2448 1351 2470 a
1376 2437 1587 2481 philosophia
1610 2438 1816 2472 Aristotelis.
1829 2438 1878 2472 iii.

1141 2524 1263 2557 bellum
1278 2523 1375 2557 civile
1390 2530 1502 2556 natum
1525 2524 1560 2557 in
1584 2524 1694 2558 Scotia
1716 2524 1758 2558 de
1777 2524 1878 2558 disci-

1140 2567 1232 2610 plina
1242 2567 1472 2600 eoclesiastica.
1483 2567 1531 2601 iii.
1543 2568 1780 2611 som-incepit
1790 2578 1878 2601 anno

1144 2615 1235 2644 1639.
1249 2610 1296 2643 iii.
1310 2611 1524 2643 5592—illico
1542 2611 1695 2653 sopitum,
1709 2612 1768 2644 sed
1790 2621 1878 2644 anno

1143 2658 1226 2687 1640
1239 2654 1477 2687 resuscitatum.
1492 2654 1538 2686 iii.
1554 2659 1627 2687 560.

1139 2697 1340 2747 colloquium
1355 2697 1518 2740 quoddam
1534 2697 1624 2730 circa
1643 2697 1766 2731 bellum
1780 2697 1877 2731 civile

1139 2740 1374 2781 Anghcanum.
1391 2740 1438 2773 iii.
1457 2745 1506 2774 15.

1139 2784 1243 2815 bellum
1268 2794 1287 2815 a
1311 2783 1462 2828 πόλεμος
1485 2783 1614 2818 derivat
1627 2783 1809 2819 wallisius.
1829 2783 1877 2818 iv.

1142 2831 1191 2866 13,
1208 2831 1259 2859 53.

328 2874 366 2902 et
388 2868 474 2902 bella
487 2867 598 2902 civilia
612 2879 632 2902 a
644 2867 834 2902 diversitate
845 2868 1069 2902 doctrinarum
1095 2870 1468 2914 Basanon-accepta
1481 2882 1502 2904 a
1510 2870 1691 2915 superiore,
1698 2870 1879 2915 disponunt
