1982 3204
710 736 1192 792 PRAEFATIO.

689 1053 913 1082 LECTORI
953 1053 1209 1082 SALUTEM.

245 1146 316 1190 En
350 1146 443 1197 tibi,
477 1146 611 1190 lector
643 1146 862 1198 benevole,
897 1146 1154 1189 Hssroman
1189 1146 1594 1197 Eccnnsusncm;
1626 1162 1712 1191 non

186 1240 214 1269 ι
239 1225 456 1277 monacho,
488 1241 573 1269 non
593 1242 619 1268 a
638 1225 814 1276 clerico3
846 1226 918 1269 sed
938 1243 963 1269 a
982 1226 1128 1276 libem,
1150 1243 1175 1270 a
1194 1226 1443 1284 philosopho
1472 1226 1655 1278 homine,
1685 1242 1711 1270 a

186 1304 354 1350 Thema
384 1305 556 1349 Hobbio
586 1305 956 1349 Malmesburiensi
985 1306 1228 1349 conflatam:
1268 1306 1343 1363 qui
1373 1321 1513 1363 neque
1542 1305 1709 1358 scholae,

182 1399 323 1441 neque
342 1392 482 1436 sectae,
502 1400 641 1441 neque
660 1385 866 1442 partibus,
883 1400 1022 1441 neque
1043 1385 1256 1443 magistris
1269 1386 1432 1443 juravit
1451 1386 1643 1443 uspiam3
1665 1393 1711 1430 et

183 1463 253 1507 cui
276 1471 372 1508 tuto
401 1464 545 1508 credas
573 1464 814 1508 decurrenti
843 1464 958 1508 hunc
986 1479 1196 1521 campum,
1218 1465 1292 1509 ubi
1311 1465 1373 1508 illi
1394 1480 1534 1522 neque
1553 1465 1710 1509 seritur

181 1557 322 1599 neque
336 1543 513 1587 metitur
531 1543 677 1587 hilum.

239 1621 344 1666 Non
377 1622 467 1666 haec
494 1623 666 1680 juvenis
699 1623 822 1667 lusit:
865 1623 938 1667 sed
971 1625 1079 1667 bene
1114 1638 1258 1674 senex,
1294 1638 1370 1680 per
1403 1629 1540 1667 totam
1573 1623 1706 1668 vitam

180 1701 378 1760 cogitata,
402 1703 492 1760 jam
521 1703 693 1746 tandem
723 1703 915 1747 versibus
943 1703 1075 1760 ligata
1103 1702 1265 1745 maluit.
1337 1702 1492 1747 Phoebi
1521 1704 1705 1755 oracula,

178 1780 327 1838 primae
345 1780 461 1839 leges
481 1782 694 1825 versibus:
727 1798 889 1826 necnon
911 1782 1072 1840 primus
1091 1782 1280 1839 sapiendi
1307 1782 1520 1840 magister,
1540 1782 1707 1841 Pytha-

177 1875 315 1919 goras,
335 1861 397 1904 nil
416 1861 498 1905 nisi
518 1862 703 1906 carmine
723 1862 932 1906 sancitum
953 1862 1100 1906 voluit.

235 1939 462 1984 Limatiori
500 1956 626 1984 versu
665 1942 888 1984 Fauor-um
926 1941 1056 1985 libros
1091 1940 1286 1992 Ovidius,
1318 1948 1362 1985 et
1402 1941 1474 1984 alii
1507 1941 1704 1986 historias

176 2033 333 2078 pompa
370 2020 554 2077 quadam
592 2028 637 2064 et
675 2020 843 2065 heroico
880 2021 986 2064 flatu
1023 2027 1238 2066 tumentes
1277 2021 1576 2078 procudet-unt.
1637 2024 1704 2066 At

177 2102 284 2159 quin
302 2102 440 2154 liccat,
465 2103 647 2146 Horatio
667 2103 787 2155 duce,
808 2103 1036 2160 aliquando
1056 2103 1156 2147 dare
1175 2104 1352 2146 sermoni
1375 2105 1625 2161 prqm‘ora:
1658 2109 1703 2147 et

175 2182 325 2227 iisdem
346 2183 510 2235 avibus,
532 2184 728 2227 ridentem
748 2184 881 2227 diem
900 2199 1038 2227 verum
1055 2186 1071 2224 !

232 2261 391 2306 Visum
420 2269 486 2306 est
514 2278 581 2306 res
612 2261 774 2307 Christi
803 2269 848 2306 et
881 2277 979 2319 quae
1013 2262 1252 2306 Piscatores
1285 2262 1466 2307 docuere
1498 2261 1700 2305 tractanti

173 2340 378 2385 humilem
393 2342 553 2400 stylum
573 2342 708 2400 magis
727 2342 924 2385 idoneum
944 2357 1047 2393 esse,
1062 2349 1108 2385 et
1127 2342 1383 2399 popularem.
1445 2342 1505 2385 Et
1524 2342 1699 2399 proinde

174 2421 291 2465 nuda
319 2421 603 2479 indigenaque
634 2422 904 2479 simplicitate
936 2423 1078 2466 omnia
1107 2423 1260 2474 fluunt,
1291 2423 1350 2466 sic
1380 2430 1428 2465 ut
1463 2422 1581 2465 nulla
1614 2437 1697 2465 vox

175 2514 273 2555 quae
292 2500 378 2543 non
395 2500 607 2544 memoriae
626 2516 809 2558 praesens
837 2502 1108 2559 paratiorque
1128 2502 1197 2554 sit,
1219 2502 1263 2544 in
1285 2517 1452 2545 versum
1474 2501 1613 2544 venit:
1646 2508 1697 2544 ut

174 2579 235 2637 pii
271 2579 472 2636 doctique
506 2580 599 2631 viri,
637 2580 747 2624 alter
779 2582 1059 2625 Enchin'dion
1087 2582 1230 2633 Fidei,
1264 2582 1373 2625 alter
1402 2582 1696 2636 mnemosynon

174 2657 396 2709 Biblioum,
416 2658 525 2702 alter
542 2659 786 2704 Memorialo
804 2660 1027 2712 Biblioum,
1048 2668 1093 2704 et
1120 2661 1163 2704 id
1192 2676 1327 2719 genus
1355 2660 1578 2704 carminice
1597 2675 1695 2716 pro-

172 2737 261 2780 lata
293 2736 627 2788 concinna-nnn
666 2753 752 2782 non
781 2739 864 2782 alio
901 2740 999 2791 fine,
1030 2755 1156 2796 quam
1193 2747 1243 2783 ut
1277 2740 1486 2783 memoriae
1520 2738 1693 2781 inservi-

171 2824 303 2862 retur.
343 2815 506 2861 Noster
523 2817 694 2874 quidem
713 2818 823 2863 mole
837 2834 978 2863 rerum
997 2827 1181 2864 mentem
1202 2827 1443 2877 occupatus,
1459 2826 1504 2863 et
1517 2807 1693 2863 materia
