1982 3204
383 278 445 322 58
596 287 891 321 Doc'rmNAE
917 285 1279 320 vaLmsmNAE
1308 284 1379 318 DE
1406 284 1564 319 Moru

112 416 248 442 marm.
262 416 346 453 x1v,
381 405 457 447 est
488 414 547 447 ac
584 398 625 446 si
657 398 856 460 diceret,
883 397 1015 461 quod
1037 395 1215 444 mobile
1248 394 1417 456 dirigit
1445 395 1674 458 seipsum,
1697 394 1771 443 vi-

206 471 273 496 xv.
316 516 324 528 ,
381 490 556 537 amque
580 490 719 522 suam
743 474 835 522 sibi
858 474 1009 536 eligit,
1029 472 1254 535 neglecta
1277 470 1548 519 directione
1566 471 1771 519 motoris

381 549 470 597 sui.
527 549 674 598 Quod
698 557 772 598 est
794 557 1051 613 peccatum
1074 546 1292 594 tertium.

451 625 657 683 Quarto,
667 641 778 672 cum
793 639 1070 671 mensuram
1085 628 1266 680 motUS,
1283 627 1527 684 sumptam
1545 620 1598 668 in
1616 619 1772 669 direc-

382 700 516 747 tione
548 700 765 763 ejusdem
796 707 973 756 motUS‚
1002 698 1135 745 dicat
1166 712 1271 744 esse
1307 704 1471 744 motus
1502 696 1771 760 longitudi-

379 791 509 833 nem,
529 775 580 822 id
604 783 691 833 est,
710 776 837 822 viam
857 791 952 837 qua
974 772 1136 820 tendit
1159 772 1338 820 mobile
1363 788 1467 820 esse
1490 787 1771 820 mensuram

379 859 570 898 motus:
607 867 703 914 quo
727 865 870 897 sensu
888 849 938 896 id
963 847 1117 895 dicit?
1186 847 1279 895 Via
1297 847 1489 895 mobilis
1513 847 1642 895 linea
1664 854 1740 895 est
1755 865 1769 894 ε

381 934 430 974 et
453 926 582 974 linea
604 926 745 973 lineae
767 924 966 988 majoris
983 923 1060 971 vel
1084 939 1185 971 non
1209 923 1410 971 minoris
1433 938 1662 971 mensura
1679 930 1771 971 est.

381 1002 480 1050 Sed
501 1001 677 1049 lineam
702 1016 805 1048 esse
823 1015 1100 1047 mensuram
1117 998 1438 1062 longitudinis
1456 1005 1636 1057 motus,
1657 1014 1772 1046 cum

376 1077 633 1141 longitudo
658 1092 931 1139 corporum,
955 1091 1055 1123 non
1087 1082 1310 1123 motuum
1334 1074 1561 1123 accidens
1596 1074 1676 1134 sit,
1699 1073 1773 1122 lo-

379 1153 547 1216 quutio
593 1151 803 1200 absurda
848 1158 937 1199 est.
1031 1151 1144 1199 Hoc
1180 1150 1332 1214 igitur
1374 1149 1507 1214 quod
1547 1149 1668 1198 dicit
1709 1149 1771 1198 de

378 1243 604 1275 mensura
623 1225 918 1284 directionis,
942 1234 1200 1290 peccatum
1219 1233 1448 1289 quartum
1471 1232 1558 1273 est.

447 1304 648 1361 Quinto,
673 1302 805 1366 quod
839 1302 975 1361 dicit,
1000 1301 1196 1365 quando
1221 1301 1401 1350 mobile
1424 1301 1476 1348 in
1501 1317 1650 1349 curva
1671 1300 1772 1350 fer-

378 1387 475 1437 tur,
501 1378 818 1425 directionem
842 1392 946 1424 esse
970 1392 1133 1425 curvae
1156 1376 1284 1424 illius
1314 1385 1627 1440 tangentem:
1650 1375 1771 1424 defi-

378 1453 500 1501 nitio
524 1469 624 1501 non
654 1461 744 1511 est,
767 1468 927 1514 neque
958 1452 1167 1509 axioma,
1192 1451 1280 1500 sed
1314 1451 1584 1516 propositio
1619 1450 1774 1500 dubia

378 1535 452 1576 est
475 1536 723 1591 assumpta
746 1528 914 1591 gratis·
975 1527 1124 1577 Quod
1146 1534 1401 1591 peccatum
1426 1535 1501 1576 est
1525 1527 1773 1591 quintum.-

446 1604 610 1663 Sexto,
635 1604 766 1667 quod
800 1604 972 1652 eadem
1009 1604 1093 1652 illa
1126 1604 1397 1667 propositio
1432 1603 1775 1652 universaliter

378 1679 642 1742 profertur,
667 1696 779 1727 cum
812 1696 912 1728 non
948 1679 1013 1727 sit
1034 1695 1202 1729 verum
1236 1679 1297 1728 de
1329 1679 1491 1728 curvis
1527 1679 1771 1738 omnibus,

378 1754 463 1802 sed
487 1754 546 1802 de
571 1755 683 1803 solis
707 1755 1041 1813 circularibus,
1065 1762 1324 1818 peccatum
1349 1763 1542 1802 sextum
1565 1763 1658 1804 est.

445 1830 710 1888 Postremo,
751 1830 882 1893 quod
922 1846 1094 1878 verum
1131 1829 1193 1878 sit
1229 1829 1281 1877 in
1319 1829 1654 1888 circularibus,
1687 1828 1772 1878 de-

378 1912 698 1953 monstratum
732 1905 921 1969 legerat
960 1906 1012 1953 in
1057 1905 1183 1954 libro
1229 1921 1340 1953 meo
1382 1919 1454 1952 DE
1499 1919 1773 1964 CORPORE,

379 1995 483 2043 cap.
511 1980 608 2029 xxi.
633 1988 725 2029 art.
750 1987 796 2041 9,
822 1996 983 2045 neque
1007 1980 1230 2045 agnoscit
1251 2000 1263 2029 ε
1298 1988 1554 2044 peccatum
1585 1981 1638 2030 in
1671 1996 1773 2029 mo-

378 2054 512 2102 ribus
537 2062 627 2103 est.

444 2130 615 2194 Neque
639 2130 811 2179 melior
835 2137 909 2179 est
933 2130 1152 2180 definitio
1175 2148 1254 2180 xv.
1324 2131 1454 2179 Nam
1478 2137 1533 2179 ut
1556 2129 1766 2179 directio

375 2204 566 2253 mobilis
586 2215 659 2255 est
682 2223 712 2254 a
733 2213 872 2254 motu
889 2207 1147 2275 moyentis,
1169 2206 1253 2266 sic,
1270 2222 1381 2254 cum
1400 2222 1603 2254 movens
1623 2207 1773 2255 etiam

376 2280 437 2328 sit
477 2282 673 2341 mobile,
715 2282 918 2331 habebit
955 2283 1104 2331 etiam
1141 2282 1464 2330 directionem
1502 2298 1703 2331 movens
1742 2298 1775 2330 a

375 2364 601 2404 movente
625 2357 737 2416 alio,
762 2364 811 2406 et
835 2374 893 2406 ea
914 2358 1010 2416 via,
1029 2374 1129 2406 non
1149 2374 1245 2422 qua
1267 2358 1426 2421 ipsum
1440 2374 1471 2406 a
1487 2373 1554 2417 se,
1574 2357 1660 2406 sed
1675 2374 1775 2421 qua

375 2446 406 2477 a
428 2440 654 2480 movente
678 2433 876 2496 proprio
901 2433 1147 2497 dirigitur.
1219 2433 1356 2482 Nihil
1391 2434 1523 2482 enim
1559 2433 1772 2497 seipsum

377 2514 463 2552 aut
487 2515 652 2555 movet
676 2516 763 2555 aut
788 2508 971 2572 dirigit.

444 2581 709 2645 Applicans
748 2584 854 2632 haec
885 2584 950 2633 ad
981 2585 1268 2633 descensum
1305 2584 1544 2648 gravium,
1569 2584 1773 2633 assumit

377 2656 508 2718 quod
533 2657 759 2706 deorsum
790 2659 1014 2709 feruntur
1045 2661 1215 2725 gravia
1249 2677 1338 2710 sua
1375 2667 1568 2725 sponte,
1594 2660 1645 2708 id
1679 2667 1771 2719 est,

377 2730 508 2791 quod
532 2740 789 2780 moventur
820 2750 850 2782 a
873 2735 1042 2798 seipsis
1077 2735 1183 2784 sine
1222 2751 1370 2785 causa
1406 2735 1683 2785 efficiente:
1718 2734 1772 2783 id

377 2805 507 2866 quod
531 2806 872 2857 scholasticum
896 2818 984 2870 est,
1009 2818 1060 2859 et
1083 2810 1278 2861 falsum.
