1982 3204
367 261 460 304 354
930 269 1196 303 ms'rORIA

365 380 565 437 AEgypto
585 380 775 423 nondum
795 387 1013 438 prognata.
1076 380 1193 422 Nam
1213 379 1383 436 pietatis

427 447 670 490 Mercedem
689 446 798 490 hanc
819 447 901 489 illis
922 462 1154 503 apposuere
1175 446 1265 489 Dii.

365 512 483 555 Nam
503 513 686 568 quantis,
709 513 961 569 quotiesque
982 514 1081 556 deos
1101 513 1238 570 epulis
1258 527 1462 563 meruere,

423 579 582 623 Essent
601 586 651 622 ut
670 580 825 637 placidi
845 580 1169 636 submadidique
1190 579 1284 630 sibi,

366 646 617 702 Neptunum
636 646 855 702 imprimis,
878 646 914 689 si
932 646 996 690 vis
1017 661 1285 702 cognoscere:
1308 645 1444 696 testis,

424 712 568 756 Natus
587 713 632 755 in
652 712 864 770 AEgypto,
886 720 1027 756 certus
1049 712 1264 756 Homerus
1284 712 1376 755 erit.

368 778 530 824 Gratus
550 781 604 823 ob
624 779 728 831 haec,
750 779 899 822 limum
919 780 1109 823 delatum
1129 779 1304 822 flumine
1325 778 1431 822 Nilo

426 844 659 902 Neptunus
679 845 782 901 ripis
802 845 963 888 addidit
983 845 1265 901 AEthiopum3
1684 846 1766 885 180

367 911 579 955 Firmavit
599 911 817 962 Phoebus3
849 911 1063 967 missoque
1083 926 1108 953 a
1128 910 1345 954 montibus
1365 909 1475 960 altis,

426 977 582 1034 Ignoto
602 977 738 1028 nobis,
760 978 936 1034 Jupiter
954 978 1090 1021 imbre
1109 977 1232 1034 rigat.

369 1043 485 1086 Nam
506 1059 683 1101 surgens
704 1043 847 1095 Nilus,
869 1044 970 1086 dum
991 1059 1160 1100 campos
1180 1042 1370 1099 contegit
1390 1042 1528 1092 undis,

426 1109 560 1152 Nunc
580 1109 709 1152 etiam
729 1109 992 1166 AEgyptum,
1014 1108 1117 1151 dum
1135 1108 1262 1166 rigat,
1283 1108 1475 1151 aedificat.

371 1175 526 1230 Quam,
548 1175 805 1231 simulatque
825 1174 916 1231 pati
935 1174 1090 1231 potuit,
1112 1189 1278 1231 coepere
1302 1174 1462 1218 colonis

426 1242 639 1285 Exercere
660 1240 747 1284 suis
767 1240 999 1297 AEthiopes
1019 1240 1198 1283 domini:

370 1308 524 1363 Atque
545 1323 641 1350 suas
661 1306 818 1363 populo
837 1306 953 1362 leges
973 1306 1168 1362 ritusque
1188 1305 1354 1356 dedere,

425 1374 488 1416 Et
508 1373 589 1417 sibi
609 1374 821 1429 subjectos
842 1373 902 1415 sic
921 1379 1098 1416 tenuere
1118 1372 1208 1415 diu.

369 1441 455 1484 Sec.
490 1439 599 1494 Quis
619 1439 704 1482 fuit
724 1439 984 1496 AEthiopum
1005 1439 1173 1482 status?
1232 1438 1348 1480 Tum
1369 1453 1533 1481 summa
1551 1443 1739 1495 potestas

429 1505 565 1562 Cujus
586 1506 710 1549 erat?
767 1505 902 1562 Regis
923 1504 1065 1556 solius,
1087 1520 1142 1548 an
1167 1504 1347 1561 populi?
1686 1507 1768 1547 190

369 1575 449 1616 Pr.
483 1573 671 1616 Nomine
691 1572 825 1630 Regis
846 1579 949 1623 erat,
971 1572 1046 1615 sed
1065 1586 1297 1629 regnavere
1321 1570 1544 1628 Sophistae,

429 1639 550 1694 Quos
570 1640 815 1696 deceptores
836 1639 1022 1682 diximus
1043 1638 1288 1695 astrologos.

371 1706 466 1750 Hos
487 1706 589 1762 quia
609 1721 821 1750 sermones
841 1721 939 1749 cum
959 1705 1040 1748 Dis
1061 1705 1252 1748 conferre
1272 1705 1452 1761 putabat

429 1774 558 1817 Plebs
579 1773 761 1830 stupida,
783 1773 983 1831 ignorans
1004 1778 1134 1829 atque
1154 1771 1302 1815 futura
1319 1777 1518 1822 tremens,

369 1842 541 1899 Regum
562 1841 765 1885 electores
784 1841 1015 1885 voluerunt
1040 1855 1130 1884 esse
1151 1855 1348 1884 suorum:

427 1909 476 1951 A
496 1908 595 1952 solis
614 1907 696 1965 ipsi
716 1908 796 1951 Dis
814 1908 986 1952 voluere
1004 1907 1110 1965 regi.

370 1974 432 2017 Et
452 1974 512 2018 sic
531 1974 709 2018 sacrifici
727 1990 884 2032 regem,
906 1974 1082 2030 fictique
1101 1973 1333 2030 prophetae,

429 2041 515 2084 Per
534 2041 692 2084 multos
712 2055 843 2084 annos
863 2040 1053 2096 dantque
1073 2045 1316 2097 reguntque
1336 2054 1473 2082 suum.

373 2107 491 2163 Quid
511 2108 670 2151 faceret
690 2108 785 2151 Rex
806 2123 979 2164 quoque
998 2108 1080 2158 die,
1102 2107 1206 2163 quid
1227 2106 1418 2163 qualibet
1436 2105 1552 2157 hora,

430 2174 614 2229 Quando
634 2175 850 2227 dormiret,
874 2190 1074 2231 quosque
1093 2174 1210 2217 cibos
1230 2178 1425 2229 caperet:
1664 2173 1752 2212 200

374 2241 588 2298 Quodque
607 2242 743 2299 magis
762 2242 918 2284 mirum
938 2248 1015 2292 est,
1037 2240 1208 2297 quando
1228 2239 1441 2282 discedere
1461 2237 1551 2282 vita

428 2308 628 2351 Debebat
646 2307 757 2359 Rex,
779 2323 858 2350 nec
878 2322 1069 2363 quaerere
1089 2305 1165 2362 qui
1184 2304 1354 2355 meruit,

373 2374 536 2418 Audax
556 2375 744 2418 dictabat
763 2374 1022 2417 nebulonum
1044 2371 1220 2416 ecclesia
1239 2370 1407 2414 stultis:

430 2441 647 2484 Parebant
666 2455 801 2497 reges,
821 2440 891 2483 lex
912 2439 1133 2495 valuitque
1153 2437 1239 2480 diu.

370 2507 531 2559 Donec,
555 2506 796 2551 Alexandri
817 2506 944 2563 paulo
964 2512 1061 2562 post
1081 2511 1273 2561 tempora
1293 2502 1458 2560 Magni,

431 2574 530 2618 Rex
550 2573 635 2616 fuit
655 2572 913 2630 AEthiopum
933 2571 1087 2615 nobilis
1106 2570 1394 2627 Ergamenes:

375 2640 464 2695 Qui
483 2655 632 2698 regum
652 2640 784 2683 vitam
804 2638 988 2696 pendere
1008 2653 1033 2680 a
1051 2637 1192 2695 gentis
1211 2636 1368 2692 iniquae

432 2706 643 2758 Arbitrio,
663 2705 887 2763 indignum
908 2703 1074 2748 censuit
1093 2718 1183 2746 esse
1203 2702 1307 2746 viro.

376 2774 464 2818 Hic
483 2773 617 2832 igitur
635 2772 763 2815 misso
783 2771 941 2815 delevit
959 2770 1095 2814 milite
1116 2769 1291 2826 stirpem

432 2841 627 2892 Omnem,
648 2839 833 2883 latrones
853 2838 1144 2895 anticipatque
1166 2851 1317 2880 sacros.
1683 2833 1768 2873 210
