1982 3204
583 302 695 337 Lux
723 300 1146 336 MATHEMATICA.
1460 289 1550 333 123

164 418 303 460 recta
324 411 417 459 DR
440 421 555 460 sunt
578 412 805 476 aequales,
875 410 934 459 Id
965 418 1056 466 est,
1080 409 1241 457 media
1275 409 1551 473 proportio·
1569 424 1833 454 connovzna

165 486 289 534 nalis
336 487 464 535 inter
510 488 924 536 semidiametrnm
970 494 1019 534 et
1060 485 1181 533 duas
1218 485 1322 547 ejus
1360 485 1554 549 quintas
1608 481 1671 507 ⁸¹*
1692 479 1796 534 vnn,

166 562 368 624 aequalis
402 572 476 611 est
522 563 710 612 duabus
750 563 932 627 quintis
966 570 1154 626 quartae
1194 561 1348 624 partis
1385 560 1556 609 circuli

167 637 587 685 circumferentiae.
655 638 801 687 Quod
825 646 931 685 erat
955 635 1405 684 demonstrandum.

235 712 424 761 Contra
442 713 547 761 haec
564 713 811 761 Wallisins
836 712 1005 775 objicit
1023 712 1075 759 in
1097 712 1204 760 haec
1223 711 1397 758 verba:
1433 709 1555 757 Pro-

159 788 353 852 positio
376 789 544 852 quinta
569 790 707 852 (quoe
730 787 926 835 exhibet
950 787 1192 834 rationem
1215 786 1354 834 radii
1377 785 1448 832 ad
1467 802 1557 849 pe-

169 863 417 911 rimetrum
454 863 647 921 circuli,
683 870 736 911 ut
773 863 819 911 R
855 862 926 910 ad
960 860 1198 921 10R43-2
1245 860 1335 908 hoc
1373 867 1464 918 est,
1501 867 1558 931 qt

177 944 351 997 10,000
373 938 445 986 ad
468 938 733 1003 plusquam
757 945 958 997 63:245,
982 954 1128 1002 quam
1153 937 1249 984 alii
1267 936 1482 1001 faciunt
1506 942 1560 983 ut

176 1019 351 1072 10,000
382 1013 455 1061 ad
480 1014 635 1061 minus
658 1031 802 1078 quam
843 1014 1046 1074 62‚832)
1086 1012 1330 1077 dependet
1365 1028 1427 1059 ex
1466 1011 1562 1058 hac

169 1089 508 1152 consequentia
522 1107 540 1136 .·
576 1089 799 1153 quoniam
836 1096 889 1137 ut
925 1088 1011 1136 DC
1051 1087 1123 1135 ad
1146 1087 1254 1145 DR,
1289 1086 1467 1134 radius
1491 1086 1565 1134 ad

170 1164 383 1222 radium,
407 1165 483 1211 sic
507 1180 656 1212 arcus
682 1165 762 1213 CA
790 1165 864 1213 acl
883 1181 1053 1212 arcum
1077 1164 1158 1212 RS
1183 1161 1465 1223 (similem),
1486 1163 1562 1210 ita

169 1239 520 1306 quadrantalis
560 1257 709 1288 arcus
746 1241 1026 1305 descriptus
1062 1239 1211 1287 radio
1251 1239 1353 1295 DC,
1379 1238 1438 1285 id
1468 1243 1562 1294 est,

170 1332 321 1365 arcus
354 1315 455 1374 CA,
480 1315 554 1364 ad
583 1331 752 1364 arcum
793 1316 1095 1379 descriptum
1125 1314 1304 1374 (radio
1338 1313 1446 1370 DR,
1470 1312 1562 1359 hoc

170 1398 263 1447 est,
287 1408 454 1439 arcum
479 1391 577 1449 RS,
601 1390 676 1438 sic
699 1391 957 1439 dicendum
993 1396 1102 1438 est:
1137 1389 1232 1437 sed
1259 1388 1376 1450 ille)
1413 1387 1567 1436 radio

173 1467 255 1515 RS
279 1473 479 1515 extenso
503 1466 553 1514 in
592 1466 955 1515 rectitudinem.
1029 1464 1175 1522 Quod
1206 1463 1419 1512 absurde
1457 1462 1564 1511 dic-

174 1549 272 1591 tum
294 1558 404 1590 esse
417 1557 519 1606 per
540 1557 595 1589 se
617 1541 780 1605 liquet.

242 1617 340 1666 Sed
363 1626 707 1681 argumentum
739 1616 858 1664 illud
883 1632 912 1663 a
935 1615 1181 1663 radicibus
1216 1613 1564 1671 numeralibus,

175 1693 407 1758 qnoniam
438 1693 488 1740 in
515 1691 866 1740 Controversia
890 1691 936 1739 iv
961 1690 1247 1739 damnatum
1270 1698 1322 1738 et
1351 1688 1565 1752 prohibi-

174 1778 280 1818 tum
304 1777 394 1824 est,
417 1768 538 1816 nihil
560 1768 705 1816 valet.
775 1767 937 1815 Verba
959 1774 1125 1814 antem
1147 1772 1349 1814 extenso
1374 1764 1425 1812 in
1459 1780 1567 1812 rec-

176 1845 432 1894 titudinem
461 1844 803 1902 redundantia,
826 1859 926 1891 non
951 1850 1066 1890 sunt
1092 1843 1144 1890 in
1168 1839 1435 1905 exemplari
1458 1854 1568 1888 cor-

176 1928 329 1979 recto,
353 1920 416 1968 ad
440 1920 573 1984 quod
597 1919 993 1983 respondendum
1010 1926 1133 1966 erat.

257 1996 623 2044 Demonstratio
679 1995 964 2044 brevissima
1011 2003 1063 2042 et
1111 1992 1413 2042 lucidissima
1465 1990 1568 2039 dia-

176 2087 399 2135 gramma
422 2071 626 2135 simplex
649 2078 739 2119 est.
810 2069 1093 2118 Mirandum
1127 2069 1282 2133 igitur
1304 2076 1381 2116 est
1409 2067 1569 2115 homi-

177 2163 308 2205 nem,
333 2147 418 2195 diu
450 2147 502 2194 in
526 2146 859 2195 controversia
880 2146 975 2194 hac
991 2152 1256 2203 versatum,
1280 2143 1403 2192 adeo
1421 2152 1570 2206 potu-

178 2222 274 2270 isse
297 2223 527 2271 caecutire
549 2230 607 2270 ut
629 2238 730 2270 non
753 2222 940 2270 videret
961 2237 1159 2270 neeesse
1182 2236 1302 2278 esse,
1325 2219 1367 2267 si
1396 2219 1482 2267 TV
1506 2218 1571 2267 sit

178 2297 291 2347 dnae
314 2299 498 2363 quintae
531 2314 675 2346 arcus
700 2298 801 2356 CA,
833 2298 983 2346 etiam
1018 2313 1184 2346 arcum
1218 2295 1517 2357 descriptum
1540 2310 1571 2342 a

180 2373 368 2422 duabus
407 2373 503 2422 illis
538 2373 722 2437 quintis
759 2388 864 2420 esse
905 2372 1027 2421 duas
1067 2373 1263 2437 quintas
1302 2386 1444 2419 arcus
1486 2369 1571 2417 de-

181 2449 350 2513 scripti
372 2466 403 2497 a
425 2449 537 2498 CA:
571 2457 674 2507 aut,
698 2448 740 2496 si
770 2448 852 2496 RS
887 2455 963 2497 est
998 2447 1160 2496 media
1193 2444 1572 2511 proportionalis

0 2580 11 2595 *
181 2525 313 2573 inter
335 2524 421 2573 CA
453 2533 504 2572 et
528 2524 632 2583 TV,
656 2540 755 2572 non
792 2524 941 2572 etiam
981 2523 1189 2572 eandem
1221 2522 1342 2570 duas
1376 2520 1573 2584 quintas

0 2595 18 2679 ᾗ
185 2614 289 2648 esse
310 2616 453 2648 arens
477 2600 710 2663 descripti
733 2599 795 2647 ab
818 2616 935 2648 arcu
959 2599 1074 2648 CA:
1109 2607 1212 2657 aut,
1244 2613 1355 2646 cum
1386 2597 1575 2659 legeret

185 2689 292 2723 esse
312 2683 371 2723 nt
404 2674 488 2724 RS
511 2675 578 2723 ad
600 2674 690 2723 CA
712 2675 784 2722 ita
818 2690 987 2723 arcum
1024 2674 1139 2722 RS*
1179 2673 1243 2722 ad
1279 2687 1448 2721 arcum
1488 2669 1574 2717 de-

0 2746 10 2806 ξ
186 2749 424 2814 seriptum
446 2766 478 2799 a
499 2750 601 2808 CA,
625 2758 675 2799 et
698 2765 867 2799 rursus
890 2758 948 2799 ut
973 2766 1117 2799 arcus
1139 2766 1170 2798 a
1200 2749 1287 2798 TV
1311 2747 1375 2796 ad
1403 2761 1573 2795 arcum

416 2921 436 2940 ·
457 2914 521 2956 Sic
539 2916 631 2956 edit.
655 2916 768 2956 1672.
826 2915 964 2964 Qum-e
984 2919 1009 2938 “
1023 2928 1155 2955 arcum
1172 2913 1223 2952 ab
1241 2912 1354 2953 RS”?
