1982 3204
136 380 226 407 CAP.
249 382 321 409 ΧΠ.

134 426 326 448 ς-..Ὗ-,ό

137 457 180 485 De
197 458 326 488 fallaciis.

386 246 484 290 206
689 258 979 293 PRINcipr
1008 260 1074 294 ET
1100 261 1469 295 PRonLEMATA

382 369 530 428 falsis,
556 378 644 418 aut
683 372 938 436 ambiguis,
964 389 1024 421 ex
1060 374 1235 437 quibus
1275 375 1397 422 certi
1439 375 1615 423 deduci
1654 376 1775 424 nihil

381 452 561 507 potest.
649 447 761 495 Hoc
807 449 937 496 idem
984 458 1242 498 senserunt
1298 452 1446 498 etiam
1497 451 1774 516 philosophi

383 519 554 579 Graeci‚
581 538 693 569 cum
719 524 933 571 scientiae
958 525 1071 573 huic
1106 526 1446 588 imposuerunt
1469 543 1647 575 nomen
1672 545 1776 576 ma-

382 597 671 657 thematicoe,
697 600 758 647 ab
801 600 1068 649 intellectu.
1146 602 1275 649 Nam
1311 603 1473 666 vulgo,
1517 619 1628 650 cum
1666 605 1775 667 quis

380 672 529 720 alium
553 674 794 722 allocutus
829 676 1075 725 dubitaret
1108 693 1172 725 an
1206 678 1566 742 intelligeretur
1602 695 1775 737 necne,

377 748 712 813 interrogabat
733 751 825 799 hoc
849 752 1012 810 mode,
1033 764 1232 815 μανθάνεις
1251 774 1263 809 ;
1289 754 1368 801 cui
1386 754 1775 817 respondebatur

377 833 554 883 μανθάνω
577 826 654 873 vel
690 837 732 873 οὺ
759 838 958 887 paveam:
995 829 1063 876 ita
1092 830 1314 877 naturale
1340 837 1445 877 erat
1471 830 1776 878 mathemati-

379 915 487 947 cam
523 901 840 949 denominare
864 903 925 950 ab
949 903 1218 952 intellectu.
1291 905 1449 953 Causa
1471 905 1773 954 fallaciarum

378 975 534 1023 altera
557 984 644 1034 est,
670 977 899 1040 ignorare
925 979 1044 1041 quid
1086 980 1151 1027 sit
1188 986 1345 1027 motus
1375 989 1426 1028 et
1448 981 1774 1044 proprietates

377 1051 482 1113 ejus
503 1071 513 1098 ε
550 1052 601 1099 id
626 1062 715 1110 est,
736 1053 965 1115 ignorare
990 1056 1208 1103 omnium
1228 1072 1392 1103 rerum
1413 1072 1610 1104 causam
1634 1064 1772 1105 natu·

376 1127 527 1175 ralem
560 1128 907 1176 immediatam.
981 1130 1216 1179 Fallacias
1254 1132 1361 1180 illas
1399 1141 1542 1180 notas
1571 1148 1691 1195 quas
1721 1133 1772 1181 in

375 1202 616 1251 Elenclzis
657 1213 914 1253 enumerat
952 1206 1260 1266 Aristoteles,
1303 1208 1479 1271 quibus
1519 1209 1602 1255 vix
1648 1225 1772 1272 puer

375 1277 535 1341 decipi
574 1286 752 1342 potest,
790 1281 1131 1342 praetermitto.
1202 1283 1296 1330 Pro
1335 1284 1545 1330 maxima
1575 1299 1773 1346 geome-

373 1353 482 1402 triae
506 1355 719 1417 pernicie
742 1371 936 1414 accuso,
952 1357 1127 1419 primo,
1149 1357 1330 1405 lineam
1355 1359 1463 1406 sine
1488 1358 1771 1417 latitudine,

374 1445 479 1476 rem
503 1430 946 1494 inconceptibilem.
1009 1433 1253 1491 Secundo,
1279 1449 1368 1496 pro
1392 1434 1556 1482 radice
1579 1435 1772 1483 numeri

374 1507 682 1568 suppositum
726 1508 900 1570 figurae
941 1508 1193 1571 quadratae
1238 1509 1382 1557 latus.
1451 1510 1634 1568 Tertio,
1669 1525 1771 1558 non

374 1581 677 1629 intellectam
731 1590 958 1630 naturam
1011 1584 1230 1632 rationis.
1320 1585 1526 1644 Quarto,
1574 1601 1771 1634 omnem

374 1657 555 1704 infiniti
602 1658 1061 1719 considerationem,
1107 1667 1214 1708 tum
1262 1660 1613 1724 geometricam
1664 1671 1771 1710 tum

373 1733 755 1782 arithmeticam.

441 1808 609 1871 Atque
634 1810 714 1857 hic
738 1810 886 1857 finem
909 1810 1138 1870 facerem,
1159 1812 1253 1860 nisi
1276 1812 1450 1860 fuisset
1469 1813 1553 1876 qui
1572 1812 1769 1861 demon-

374 1884 518 1931 strari
556 1884 703 1932 etiam
727 1901 869 1947 posse
894 1901 954 1934 ea
987 1887 1188 1945 diceret,
1215 1903 1325 1950 quae
1356 1903 1458 1935 non
1492 1888 1769 1952 intelligibi-

372 1959 452 2016 lia,
472 1974 633 2023 neque
649 1960 971 2022 explicabilia,
986 1977 1146 2025 neque
1165 1963 1623 2026 comprehensibilia
1640 1972 1768 2013 sunt.

373 2034 432 2082 Id
457 2035 589 2098 quod
613 2043 689 2082 est
713 2036 939 2084 scientias
964 2053 1132 2086 omnes
1156 2038 1279 2086 nihil
1303 2054 1407 2087 esse
1426 2039 1604 2088 dicere.
1673 2040 1770 2088 Ni-

373 2109 462 2167 kil,
504 2110 678 2173 inquit,
718 2117 794 2157 est
834 2110 885 2158 in
931 2118 1114 2160 natura
1159 2128 1326 2161 rerum
1371 2115 1538 2176 magis
1582 2114 1770 2163 obvium

373 2201 516 2248 quam
539 2185 793 2248 quantitas
817 2186 1057 2245 continua,
1078 2193 1127 2235 et
1155 2194 1311 2235 motu-s·
1342 2188 1536 2236 locali-5⁸.
1606 2191 1769 2254 Atque

371 2260 478 2308 haec
502 2267 587 2308 aut
611 2268 726 2308 sunt
750 2268 837 2308 aut
859 2276 958 2308 non
984 2270 1098 2310 sunt
1122 2262 1172 2310 in
1210 2263 1456 2311 infinitum
1492 2264 1766 2315 divisibilia.

372 2335 680 2400 Disjunctiva
715 2336 820 2384 haec
843 2344 1069 2400 potestne
1101 2338 1303 2401 negari?
1375 2338 1656 2398 Diceturne,
1681 2357 1768 2389 ne-

372 2427 466 2475 que
491 2427 596 2460 esse
620 2427 779 2476 neque
803 2427 903 2460 non
922 2428 1026 2461 esse
1052 2413 1120 2461 sic
1145 2413 1407 2461 divisibilia
1427 2413 1444 2461 Ρ
1494 2415 1657 2478 Eligat
1679 2416 1767 2464 ali-

373 2487 482 2551 quis
504 2488 778 2535 membrum
801 2489 905 2551 ejus
928 2495 1093 2536 utrum
1119 2489 1254 2547 velit,
1278 2489 1481 2537 tolletne
1507 2491 1767 2540 difficulta-

371 2571 447 2612 tes
484 2579 595 2627 quae
630 2563 683 2611 in
723 2579 782 2611 eo
823 2564 1007 2622 insunt,
1048 2571 1135 2612 aut
1175 2564 1532 2627 objectionibus
1564 2583 1675 2630 quae
1712 2568 1774 2618 in.

372 2638 676 2687 contrarium
699 2639 807 2687 fieri
830 2646 1037 2703 possunt
1060 2639 1409 2704 respondebit?

439 2715 749 2765 Quaestiones
766 2715 883 2763 licet
907 2714 1019 2774 sint,
1034 2715 1135 2763 vim
1148 2723 1313 2764 tamen
1338 2716 1520 2765 habent
1542 2717 1765 2767 hocloco

354 2790 703 2854 negationum.
762 2790 976 2854 Objiciat
998 2806 1117 2854 ergo
1141 2790 1451 2839 difficultates
1467 2808 1595 2840 suaS.
1639 2793 1764 2842 Rem

355 2881 464 2931 >ego
489 2866 644 2930 ipsam
668 2865 937 2930 explicabO,
963 2881 1154 2931 nempe,
1190 2865 1243 2915 id
1265 2867 1425 2932 ipsum
1448 2868 1581 2932 quod
1610 2869 1763 2934 scrip-
