1982 3204
400 234 429 275 3
442 233 453 275 Ι
467 234 497 275 6
951 245 1239 279 PRAEFA‘rlo

396 370 505 402 sum
537 355 866 418 progreditur,
901 372 1046 419 quem
1080 358 1131 404 in
1159 357 1453 406 universalia
1489 358 1795 409 theoremata

398 430 667 478 contrahit:
693 439 749 479 ut
768 433 870 495 jam
896 449 1059 480 errare
1083 441 1294 497 nequeat
1318 434 1368 482 in
1388 433 1727 494 discurrendo,
1751 436 1794 484 si

395 505 595 554 nomina
619 507 783 555 omnia
807 516 967 556 certas
1001 509 1090 556 sibi
1126 509 1342 556 habeant
1371 510 1641 558 substratas
1672 510 1793 560 ima-

393 581 686 644 ginationes,
711 583 994 646 priusquam
1019 584 1070 631 in
1095 584 1370 632 orationem
1393 585 1736 635 admittantur.

464 657 611 706 Quod
635 658 675 705 si
701 658 922 707 dicamur
945 660 1242 708 universalia
1265 660 1556 724 intelligere,
1571 661 1793 726 nihilque

395 733 458 780 sit
498 733 773 782 universale
810 743 993 798 praeter
1027 751 1222 795 nomen,
1258 735 1530 784 intellectio
1562 752 1663 785 non
1699 738 1793 786 erit

391 809 608 872 ipsarum
628 827 810 869 rerum,
832 811 918 860 sed
942 812 1213 868 nominum,
1234 819 1283 859 et
1303 812 1538 860 orationis
1558 828 1618 860 ex
1636 813 1794 861 nomi-

391 886 534 933 nibus
559 887 860 950 compositae.
916 887 1065 936 Quod
1088 887 1286 951 quidem
1310 903 1492 935 nomen
1515 887 1791 952 intelligere

391 959 650 1021 dicimus*,
677 979 789 1010 cum
813 979 873 1010 ex
896 962 1148 1011 auditione
1162 962 1240 1009 vel
1263 963 1477 1011 lectione
1496 963 1626 1012 illius
1650 980 1791 1013 revo-

390 1043 532 1084 catur
552 1037 839 1099 imaginatio
859 1046 1059 1101 propter
1074 1054 1221 1101 quam
1239 1053 1420 1086 nomen
1439 1038 1561 1086 illud
1578 1039 1791 1088 inditum

391 1120 487 1159 est:
506 1113 918 1175 quemadmodum
934 1121 983 1161 et
997 1113 1398 1176 propositionem,
1415 1130 1528 1161 cum
1543 1130 1603 1163 ex
1618 1114 1791 1164 auditu

390 1188 643 1236 reducitur
667 1189 719 1236 in
754 1189 1042 1237 memoriam
1067 1190 1344 1252 subjectum
1369 1190 1473 1253 ejus
1499 1206 1585 1238 seu
1609 1206 1789 1239 nomen

390 1263 689 1312 antecedens
705 1265 947 1313 contineri
962 1265 1012 1312 in
1029 1265 1299 1327 praedicato
1316 1265 1416 1312 sive
1432 1273 1787 1330 consequente;

389 1339 467 1386 vel
482 1355 661 1387 nomen
676 1340 924 1403 posterius
940 1340 1075 1388 omni
1094 1340 1165 1387 rei
1183 1340 1446 1388 convenire
1461 1341 1541 1388 cui
1556 1342 1790 1391 convenit

388 1431 571 1463 nomen
595 1416 826 1479 primum.

458 1491 592 1540 Hinc
638 1492 764 1540 ratio
811 1491 992 1540 dicitur
1036 1491 1246 1540 facultas
1281 1490 1639 1556 syllogisandi,
1676 1508 1788 1541 cum

388 1567 702 1615 ratiocinatio
750 1568 814 1616 sit
854 1568 1088 1616 continua
1123 1567 1517 1632 propositionum
1552 1568 1603 1616 in
1637 1584 1788 1617 unam

389 1659 629 1691 summam
665 1644 907 1703 collectio,
931 1644 1010 1692 vel
1045 1643 1260 1692 calculus
1294 1644 1574 1692 nominum:
1612 1660 1722 1707 quae
1747 1645 1788 1693 si

386 1719 636 1782 pertinent
658 1718 723 1767 ad
746 1735 994 1777 numeros,
1013 1718 1354 1772 arithmetica;
1391 1719 1431 1766 si
1455 1719 1519 1767 ad
1542 1719 1788 1782 magnitu-

387 1794 541 1852 dines,
565 1795 870 1858 geometria;
906 1795 947 1842 si
970 1794 1033 1842 ad
1059 1810 1221 1850 sonos,
1246 1794 1433 1841 musica
1456 1802 1787 1858 comparatur.

388 1869 486 1918 Ubi
527 1870 851 1933 supponenda
890 1878 1026 1918 recta
1065 1870 1394 1927 ratiocinatio,
1437 1886 1546 1934 quae
1588 1887 1787 1920 sumens

386 1945 578 1993 initium
603 1947 664 1993 ab
690 1955 923 1994 accurata
945 1946 1201 1994 nominum
1220 1945 1544 2008 explicatione
1562 1947 1786 2010 procedit

385 2036 474 2083 per
499 2021 849 2084 syllogismum,
875 2038 963 2070 seu
994 2022 1280 2070 continuam
1304 2037 1530 2069 verarum
1562 2022 1786 2086 proposi-

384 2096 576 2145 tionum
602 2097 981 2145 connexionem:
1020 2097 1103 2161 qui
1138 2113 1393 2161 processus
1417 2097 1574 2145 oritur
1597 2113 1627 2145 a
1649 2105 1787 2146 recta

384 2171 589 2230 ratione,
600 2187 686 2219 seu
703 2173 924 2234 potentia
938 2172 1009 2220 ita
1023 2172 1323 2235 procedendi
1341 2173 1533 2235 quoties
1544 2172 1784 2232 volumus,

385 2261 532 2309 quam
572 2247 930 2295 ratiocinandi*
969 2263 1229 2312 possumus
1266 2247 1663 2296 infallibilitatem
1700 2264 1785 2313 ap·

382 2322 581 2385 pellare.

452 2398 644 2460 Quibus
662 2397 727 2446 ad
749 2398 986 2461 potentiae
1011 2398 1359 2462 cognoscitivae
1383 2405 1610 2446 naturam
1630 2398 1784 2462 expli·

382 2473 591 2521 eandam
607 2473 794 2537 positiS‚
815 2473 998 2537 aliquid
1016 2474 1076 2521 de
1097 2474 1348 2522 voluntate
1367 2474 1783 2538 facultatibusque

382 2548 575 2596 motivis
611 2548 889 2597 dicendum.
960 2548 1177 2596 Primum
1219 2549 1384 2612 igitur,
1421 2557 1582 2597 motus
1623 2565 1781 2614 usque

380 2623 443 2671 ad
479 2640 566 2672 cor
599 2632 898 2688 propagatus
935 2639 995 2672 ex
1030 2624 1341 2687 objectorum
1375 2625 1570 2673 actione
1602 2625 1782 2675 dicitur

987 2818 1010 2840 ¹¹*
1043 2817 1119 2857 Sic.
