1982 3204
405 296 495 339 106
812 304 924 339 Lux
951 300 1376 337 MATHEMATICA.

117 415 512 464 comma-inde
548 415 841 464 sententiam
877 416 1004 463 hanc
1039 414 1268 477 injustam
1302 427 1407 459 esse
1438 410 1541 474 ipse
1565 410 1641 458 vel
1664 410 1787 459 alius

199 489 261 513 sm
282 489 307 514 ¹·
399 492 605 539 dixerit:
642 492 972 540 examinemus
997 505 1077 537 eas
1101 489 1152 536 in
1177 487 1393 535 numeris
1417 486 1731 550 simplicibus.

151 533 342 555 „vd

409 607 412 611 .
465 575 541 624 Sit
564 576 712 623 series
736 592 852 639 ergo
888 564 961 639 {³1¹¹
983 607 993 617 .
1063 566 1197 615 Ordo
1216 564 1436 629 superior
1454 572 1528 612 est
1551 570 1566 612 l
1593 583 1604 612 :
1639 565 1789 614 tertia

395 670 508 718 pars
532 654 776 702 inferioris
794 658 835 711 ξ.
894 654 1132 701 Excessus
1156 658 1230 698 est
1246 651 1298 704 ἐς
1335 666 1449 705 non,
1469 656 1526 696 ut
1539 649 1788 698 Wallisius

398 730 534 799 dicit,
566 726 625 790 ΞΤ.

464 808 653 856 Deinde
678 808 893 856 secunda
915 808 1062 856 series
1081 816 1154 856 est
1188 797 1354 877 {111}
1416 808 1650 872 Superior
1666 808 1789 857 ordo

399 894 473 935 'est
499 893 557 934 5:
595 888 742 935 tertia
781 903 894 950 pars
935 886 1192 944 inferioris,
1226 894 1272 935 4.
1348 888 1587 935 Excessus
1627 894 1702 934 est
1747 893 1790 942 1,

398 962 499 1010 sive
523 961 587 1023 ξ.
659 961 812 1023 Sed}
845 973 918 1010 est
965 963 1121 1026 major
1168 980 1313 1026 quam
1347 970 1388 1024 ξ,
1415 970 1597 1025 quanta
1635 970 1711 1010 est
1746 975 1790 1028 ᾗ.

400 1039 590 1087 Crescit
613 1054 730 1102 ergo
756 1054 992 1086 excessus.

403 1175 406 1178 Α
467 1122 576 1170 Sint
620 1122 728 1169 loca
774 1131 997 1184 quatuor,
1047 1102 1285 1186 L'Issssissi·
1338 1121 1677 1184 Aggregatum
1714 1136 1790 1168 su-

398 1201 601 1263 perioris
626 1200 810 1248 ordinis
836 1209 909 1248 est
942 1206 1012 1248 14.
1082 1201 1251 1248 Tertia
1287 1215 1401 1263 pars
1436 1198 1681 1246 inferioris
1718 1206 1792 1246 est

406 1282 478 1324 12.
550 1277 787 1324 Excessus
810 1284 883 1323 est
909 1282 937 1324 2
957 1295 968 1324 ε
996 1277 1078 1339 qui
1102 1277 1257 1340 major
1282 1283 1355 1324 est
1379 1290 1526 1339 quam
1549 1281 1589 1332 1,
1610 1271 1756 1334 sive}
1777 1310 1791 1321 .

400 1351 587 1399 Crescit
611 1368 729 1415 ergo
754 1351 930 1399 adhuc.

1218 1425 1233 1445 o
1246 1423 1270 1447 ÷
1285 1423 1295 1445 l
1315 1423 1339 1447 ÷
1355 1424 1368 1444 4
1386 1423 1409 1447 -4-
1426 1424 1440 1444 9
1455 1422 1478 1446 4-
1491 1423 1516 1445 lo

467 1436 575 1483 Sint
595 1434 804 1498 denique
827 1434 936 1482 loca
958 1434 1186 1497 quinque,
1210 1460 1530 1499 m.
1600 1433 1791 1496 Aggre-

397 1522 567 1576 gatum
610 1513 874 1576 superioris
913 1513 1097 1560 ordinis
1133 1521 1206 1561 est
1246 1519 1324 1562 30.
1394 1512 1561 1560 Tertia
1582 1526 1695 1575 pars
1718 1510 1794 1558 in-

397 1589 587 1637 ferioris
633 1596 707 1636 est
753 1587 859 1639 263.
932 1588 1030 1636 Sed
1077 1594 1140 1637 30
1179 1590 1336 1653 major
1377 1596 1451 1636 est
1496 1603 1643 1652 quam
1671 1592 1792 1647 263,

400 1653 637 1727 quantum
671 1673 743 1711 est
769 1669 858 1722 33:
895 1663 1027 1728 quod
1067 1671 1142 1712 est
1181 1664 1291 1728 plus
1327 1680 1474 1728 quam
1507 1669 1555 1711 2.
1627 1663 1794 1712 Quare

399 1748 635 1802 perpetuo
657 1739 848 1787 crescit.

469 1815 639 1878 Itaque
663 1815 932 1878 propositio
951 1815 1034 1862 illa
1053 1815 1201 1862 etiam
1222 1814 1272 1862 in
1296 1813 1513 1862 numeris
1537 1813 1794 1862 abstractis

399 1890 521 1951 falsa
544 1900 632 1938 est.
706 1891 803 1938 Sed
840 1891 920 1938 ille
958 1907 1057 1938 nou
1093 1891 1326 1954 loquutus
1365 1899 1439 1938 est
1477 1889 1537 1937 de
1577 1890 1794 1938 numeris

401 1966 660 2014 abstractis
682 1985 692 2012 z
727 1975 781 2014 ut
807 1983 865 2014 ex
890 1983 946 2014 eo
972 1967 1179 2029 intelligi
1209 1975 1391 2030 potest,
1417 1965 1548 2031 quod
1572 1965 1794 2030 proposi-

401 2042 559 2089 tiones
584 2042 690 2089 illas
714 2042 907 2106 scripsit
931 2043 981 2089 in
1017 2042 1187 2090 ordine
1211 2043 1274 2090 ad
1298 2043 1631 2090 inventionem
1652 2057 1796 2105 para-

400 2116 622 2164 bolarum
648 2117 711 2165 ad
735 2133 822 2165 sua
842 2118 1127 2181 rectangula
1143 2119 1533 2182 proportionum,
1551 2126 1601 2166 et
1623 2134 1683 2165 ex
1702 2117 1796 2165 illis

401 2193 797 2254 proportionibus
835 2193 897 2240 ad
935 2193 1272 2242 inventionem
1310 2201 1591 2242 centrorum
1636 2193 1798 2256 gravi-

400 2266 517 2315 tatis
558 2268 824 2330 figurarum
866 2268 1273 2331 parabolicarum.
1343 2269 1590 2317 Numerus
1631 2276 1795 2316 autem

401 2342 452 2390 in
476 2343 737 2401 abstracto,
755 2352 976 2391 centrum
1000 2345 1256 2406 gravitatis
1284 2361 1383 2393 non
1407 2345 1571 2392 habet.
1611 2344 1796 2393 Verum

403 2418 443 2466 si
484 2418 553 2466 sic
594 2419 801 2482 intelligi
839 2436 889 2466 se
920 2419 1092 2478 voluit,
1129 2437 1277 2469 causa
1311 2420 1490 2468 erroris
1521 2427 1627 2467 erat
1665 2418 1797 2483 quod

402 2503 600 2557 putarat
636 2494 925 2542 fractionem
952 2503 1001 2542 et
1027 2496 1266 2546 rationem
1304 2495 1649 2544 eandem‘esse
1674 2511 1796 2544 rem.

404 2569 502 2616 Sed
525 2571 739 2632 pertinet
763 2570 858 2617 hoc
882 2569 945 2617 ad
969 2571 1353 2619 controversiam
1378 2580 1684 2635 sequentem.

838 2700 1267 2736 CONTROVERSIA
1302 2702 1363 2736 11.

470 2770 551 2818 De
581 2787 637 2818 eo
680 2769 813 2834 quod
837 2770 1092 2836 signficat
1128 2787 1219 2818 vooe
1246 2786 1412 2820 RATIO
1439 2771 1580 2836 apud
1614 2770 1802 2820 mathe-

404 2846 628 2895 maticos.

471 2922 731 2971 Rationem
756 2920 923 2969 definit
948 2920 1174 2969 Euclides
1199 2921 1291 2970 hoc
1318 2921 1493 2971 modoe
1541 2922 1695 2970 Ratio
1720 2928 1799 2971 est
