1982 3204
642 271 900 306 ansuRA
928 272 1150 307 nunws.
1529 262 1592 308 59

443 430 848 465 DEFINITIONBS
873 431 994 476 XVI,
1018 431 1164 476 xvn,
1191 432 1360 466 xvnl.

274 504 643 567 Declivitatem,
666 524 753 556 seu
778 507 996 573 gradum
1027 508 1343 567 declivitatis,
1375 507 1592 573 appello,
1626 520 1860 554 nermxvn,

206 588 486 645 respectum
511 582 664 641 illum,
679 583 766 647 qui
788 599 850 631 ex
882 589 1038 630 motus
1062 582 1325 632 altitudine
1359 591 1408 631 et
1433 574 1595 649 longi·
1623 574 1862 642 th

209 656 378 705 tudine
401 658 724 722 comparatis,
746 657 807 705 ob
831 658 1020 706 variam
1045 659 1331 707 directionis
1348 665 1503 707 motus
1526 660 1601 708 ad

206 731 524 780 directionem
547 732 780 780 moventis
794 733 1108 798 positionem,
1131 734 1361 799 emergit.
1429 735 1597 799 Atque

205 805 533 855 acclivitatem
555 807 785 855 similiter
799 826 818 856 .·
842 825 944 872 quoe
966 826 998 857 a
1023 808 1307 858 declivitate
1329 825 1424 857 non
1443 809 1597 857 aliter

205 880 393 944 differt,
434 898 571 945 quam
615 882 752 947 quod
787 882 952 932 altera
999 884 1297 944 descensum,
1345 899 1596 938 ascensem

204 955 372 1005 altera
394 957 651 1021 respiciat.

270 1030 532 1096 AEqualem
578 1032 930 1093 declivitatem,
977 1033 1195 1099 appello,
1240 1050 1366 1098 quae,
1408 1034 1597 1099 aequali

193 1113 414 1172 peracta
436 1107 764 1172 longitudine,
782 1108 1014 1173 oequalem
1038 1108 1350 1157 altitudinem
1363 1110 1593 1175 peragit.

199 1182 374 1247 Atque
396 1182 744 1241 acclivitatem‚
770 1184 1018 1233 similiter.

269 1257 523 1321 Majorem
567 1258 910 1319 declivitatem,
955 1259 1034 1309 vel
1076 1259 1419 1319 acclivitatem,
1467 1260 1594 1320 dico,

203 1349 306 1398 quae
327 1333 511 1398 (equali
523 1341 745 1399 peracta
767 1334 1093 1400 longitudine,
1109 1336 1343 1399 majorem
1367 1335 1596 1384 altitudi-

201 1425 309 1458 nem
321 1410 540 1475 peragit
552 1428 572 1465 ;
605 1408 695 1469 vel,
718 1410 904 1459 minore
927 1410 1257 1477 longitudine,
1282 1410 1595 1460 altitudinem

201 1484 446 1549 aequalem.
492 1485 568 1533 Et
590 1486 804 1550 quidem,
827 1503 889 1535 ea
913 1486 1108 1535 ratione
1130 1487 1378 1549 majorem,
1401 1503 1500 1551 qua
1518 1486 1598 1535 vel

202 1559 422 1609 altitudo
444 1560 538 1609 illa
562 1562 723 1624 major
745 1568 836 1621 est,
861 1561 942 1610 vel
973 1561 1231 1627 longitudo
1255 1561 1430 1610 minor.
1487 1563 1592 1611 Mi-

201 1651 381 1694 norem,
400 1651 508 1700 quae
532 1642 725 1684 contra.

266 1710 548 1770 Declivitas,
595 1719 823 1760 accurate
858 1710 1190 1775 loquentibus,

202 1795 279 1836 est
299 1787 380 1836 via
401 1803 498 1851 qua
528 1786 783 1835 descendit
809 1803 958 1851 grave
981 1787 1033 1835 in
1056 1794 1193 1835 recta

1575 1757 1595 1780 C

200 1877 303 1910 non
331 1870 618 1911 transeunte
652 1878 742 1926 per
770 1871 995 1911 centrum
1022 1871 1190 1911 terrae:
1387 1901 1409 1924 Β

199 1938 465 1998 acclivitaS,
474 1939 555 1987 via
567 1938 863 1987 ascensionis
875 1953 964 2002 per
970 1937 1191 1986 eandem.

203 2013 275 2063 Ut
297 2015 339 2063 si
361 2023 587 2063 centrum
611 2014 675 2062 sit
691 2013 763 2069 A;
788 2021 839 2061 et
862 2012 1030 2076 anguli
1044 2012 1191 2071 ABC,
1422 1946 1551 2071 N

201 2088 339 2138 ABD
375 2090 521 2138 recti:
564 2089 658 2138 erit
691 2089 744 2137 in
776 2088 926 2136 rectis
961 2087 1061 2146 CB,
1085 2087 1193 2147 DB,
1260 2077 1283 2100 ⁹
1571 2080 1592 2102 Δ

202 2163 456 2214 declivitas
479 2164 543 2213 ad
574 2165 639 2220 B;
676 2171 725 2212 et
747 2164 799 2211 in
830 2162 929 2222 BC,
947 2161 1056 2221 BD,
1080 2163 1349 2220 acclivitaS,
1371 2162 1451 2211 via
1474 2178 1592 2211 con-

201 2240 355 2290 traria
377 2240 442 2289 ad
465 2239 502 2290 C
527 2247 577 2289 et
600 2240 664 2288 D.
731 2239 795 2287 Et
818 2238 1038 2287 definitio
1067 2238 1230 2288 brevis
1268 2246 1345 2287 est
1368 2245 1417 2287 et
1448 2246 1589 2287 natu-

200 2315 333 2364 ralis.
391 2316 483 2365 Illa
505 2323 669 2365 autem
690 2315 907 2374 Wallii*,
930 2320 1188 2379 respectus
1209 2331 1271 2363 ex
1293 2321 1447 2362 motus
1471 2314 1591 2363 alti-

201 2390 372 2440 tudine
394 2398 444 2440 et
466 2390 775 2457 longitudine
796 2405 1067 2455 emergens,
1092 2397 1208 2438 sunt
1229 2389 1382 2438 verba
1404 2405 1558 2438 cassa.

555 2521 963 2556 DEFINITIONRS
995 2521 1117 2563 xlx,
1137 2521 1237 2554 XX.

270 2598 618 2665 Obliquitatem
651 2615 779 2658 vero,
817 2599 1016 2663 hujusve
1047 2615 1333 2656 mensuram,
1369 2597 1589 2663 appello,

199 2674 435 2740 angulum
459 2691 591 2739 quem
609 2674 760 2739 facit
782 2690 889 2722 cum
906 2673 1262 2740 perpendiculo
1286 2673 1397 2733 (vel
1425 2673 1588 2721 direc-

202 2747 332 2871 5221}
330 2750 579 2872 Zoventis
579 2752 610 2812 )
625 2749 837 2798 directio
851 2755 1023 2809 motus,
1040 2765 1127 2798 seu
1150 2748 1286 2797 linea
1302 2765 1401 2814 qua
1403 2747 1589 2813 fertur

745 2948 767 2970 ⁸
799 2946 864 2985 Sic
882 2946 974 2985 edit.
999 2946 1111 2985 1671.
