1982 3204
251 248 345 292 344
864 259 1165 294 PRAEFArlo.

250 380 385 424 tutus,
416 373 539 416 flores
569 380 612 417 et
641 374 859 432 pigmenta
879 377 1043 432 poetica
1063 376 1182 433 parvi
1202 375 1315 418 fecit.
1377 375 1423 417 Ν
1426 390 1478 418 on
1501 382 1642 417 tamen
1663 373 1778 430 quod

251 454 393 497 omnia
421 460 510 497 tam
539 454 660 506 sicce,
691 462 778 498 tam
809 457 1015 514 religiose,
1047 456 1151 512 quin
1181 456 1406 511 aliquando
1435 455 1672 506 incalescat,
1703 454 1778 497 ali-

254 533 423 590 quando
443 533 660 577 illucescat
680 535 751 577 illa
781 551 888 578 mens
909 536 1106 586 divinior,
1129 542 1249 592 atque
1278 550 1319 577 os
1347 550 1498 591 mayna
1527 540 1776 576 sonaturwm·

312 613 422 667 Quae
440 613 726 670 philosophice
743 615 922 670 scripsit,
940 631 1092 671 magna
1107 614 1151 656 in
1168 614 1377 657 vestibulo
1398 614 1544 656 serunt
1562 611 1780 656 Mersenni

255 700 298 736 et
321 693 531 737 Gassendi
552 694 747 736 nomina:
782 695 885 750 quin
907 702 951 737 et
971 695 1015 736 in
1045 695 1110 736 his
1130 694 1305 751 poeticis
1336 701 1594 736 memoretur
1622 700 1642 737 ὃ
1659 713 1780 750 μακα-

255 784 356 830 ρίτης
393 774 645 817 Edmundus
682 775 862 826 Wallcr,
899 775 1181 818 nobilissimus
1216 782 1340 831 poeta
1369 774 1555 832 Anglus,
1590 781 1634 817 et
1668 773 1781 830 apud

256 870 353 896 suos
384 854 505 909 quasi
534 870 806 898 numerorum
837 862 970 911 pater,
1003 855 1077 911 qui
1107 855 1274 898 authori
1304 862 1448 897 nostro
1478 869 1642 911 semper
1669 853 1783 897 inter

256 934 529 977 amicissimos
558 935 668 985 fuit3
701 942 745 978 et
773 935 957 978 monitor
987 951 1070 978 non
1102 935 1317 986 defuisset,
1346 935 1380 978 si
1410 936 1586 978 materia
1614 935 1782 992 culpam

257 1031 343 1057 non
363 1015 625 1071 protelasset.

315 1094 481 1138 Praeter
512 1095 705 1151 parodias
739 1096 974 1145 nonnullas,
1010 1095 1115 1137 nihil
1149 1095 1217 1138 hic
1252 1111 1348 1138 cum
1379 1096 1578 1153 Virgilio,
1613 1094 1781 1146 ovidio,

255 1173 483 1229 reliquisve
532 1180 751 1230 poetarum
797 1174 1070 1230 principibus.
1150 1174 1306 1218 Noluit
1343 1176 1395 1218 de
1435 1176 1561 1219 toties
1606 1175 1783 1219 recoctis

257 1253 493 1310 phrasibus,
535 1260 578 1295 et
618 1253 670 1296 de
710 1254 922 1296 communi
961 1270 1074 1311 penu
1115 1255 1342 1310 quicquam
1382 1271 1603 1312 apponere.
1666 1255 1783 1310 Quid

256 1333 378 1376 nobis
407 1348 565 1375 servum
591 1348 718 1390 pecus
752 1333 998 1385 imitatores,
1035 1349 1130 1376 cum
1165 1334 1378 1390 ipsosmet,
1411 1350 1516 1390 quos
1547 1335 1782 1386 imitantur,

256 1420 485 1470 praesentes
506 1413 742 1456 habemus?
801 1413 912 1468 Quis
941 1422 1108 1472 guttam
1141 1415 1307 1471 quaerit,
1339 1416 1407 1458 cui
1436 1416 1489 1458 ad
1519 1431 1689 1458 manum
1719 1422 1785 1459 est

258 1500 309 1536 ut
330 1501 406 1536 toto
427 1510 466 1536 se
480 1494 652 1550 proluat
671 1509 774 1536 auro
792 1494 812 1534 ,9

314 1573 431 1615 Avia
453 1573 689 1623 Pieridum,
711 1579 761 1615 ut
781 1579 825 1615 et
844 1573 984 1616 ubivis
1004 1573 1165 1629 aliquid
1185 1589 1343 1616 novum
1369 1581 1412 1618 et
1441 1574 1615 1617 minime
1634 1573 1785 1617 tritum

257 1652 453 1695 meditari
483 1652 652 1695 amavit.
730 1651 776 1696 Si
806 1653 848 1694 in
880 1653 1136 1709 syllabarum
1167 1654 1337 1696 modulo
1369 1655 1621 1710 quandoque
1650 1653 1788 1711 negli-

257 1733 428 1788 gentior
448 1733 516 1783 sit,
538 1734 728 1790 profecto
749 1734 860 1790 apud
881 1741 1044 1777 veteres
1065 1743 1209 1791 poetas
1229 1735 1514 1790 (Christianos
1534 1734 1682 1792 velim)
1706 1734 1787 1778 hoc

258 1828 342 1855 non
364 1812 547 1855 insolens
567 1812 663 1854 suit.
724 1812 922 1856 Fortasse
939 1820 982 1856 et
1001 1814 1082 1856 alia
1103 1822 1215 1866 sunt,
1230 1815 1384 1871 quibus
1404 1831 1488 1859 non
1510 1815 1619 1858 tanti
1638 1814 1788 1859 habuit

259 1893 502 1938 criticorum
522 1893 636 1949 plebi
656 1893 699 1935 in
720 1894 916 1936 omnibus
937 1895 1183 1937 abblandiri.

321 1972 367 2016 Si
398 1980 593 2028 quaerant
621 1973 810 2016 historici
842 1974 952 2016 unde
982 1974 1063 2016 ista
1092 1975 1144 2018 de
1164 1974 1456 2032 AEthiopibus‚
1484 1976 1536 2018 de
1566 1975 1786 2033 Neptuno,

261 2053 313 2095 de
348 2052 473 2102 Jove,
505 2052 672 2108 diisque
702 2053 877 2108 reliquis
907 2054 1233 2098 convivantibus
1261 2060 1337 2110 μετ’
1356 2062 1544 2112 ἀμύμονας
1563 2062 1787 2108 ‹down-fiac:

261 2135 435 2179 videant
472 2135 709 2178 Homerum
746 2143 897 2179 testem
935 2138 1035 2180 satis
1067 2138 1344 2181 luculentum.
1405 2139 1473 2182 De
1512 2155 1611 2197 rege
1653 2140 1790 2198 Erga-

261 2231 396 2266 mene,
426 2222 469 2258 et
499 2215 659 2258 famosa
689 2216 761 2258 illa
791 2218 1053 2260 sacerdotum
1089 2218 1259 2275 strage¹,
1296 2219 1517 2262 consulant
1552 2220 1788 2264 Diodorum

265 2295 469 2345 Siculum,
505 2296 575 2338 lib.
611 2296 664 2339 iv.
729 2296 797 2339 De
832 2313 947 2340 more
981 2298 1063 2341 isto
1095 2298 1282 2356 AEgypti
1322 2299 1543 2343 dirimendi
1582 2301 1679 2344 lites
1713 2317 1789 2358 per

264 2376 430 2421 Collare
461 2382 504 2418 et
535 2375 772 2427 Gemmam,
806 2379 892 2420 veri
919 2379 1124 2430 indicem&
1155 2380 1334 2422 eundem
1363 2380 1522 2423 habent
1552 2381 1789 2426 Diodorum

266 2456 469 2507 Siculum,
512 2463 555 2498 et
590 2456 826 2508 Amanum,
867 2473 892 2500 a
931 2460 1086 2514 quibus
1125 2459 1205 2502 viri
1239 2460 1456 2504 clarissimi
1500 2462 1706 2507 Seldenus
1745 2470 1790 2508 et

263 2535 545 2586 Marshamus,
568 2542 612 2578 et
630 2536 772 2592 plures
793 2537 862 2578 alii
884 2537 926 2578 in
949 2553 1023 2580 sua
1044 2538 1339 2582 traduxerunt.

324 2614 476 2669 Quoad
497 2621 661 2665 caetera,
679 2630 818 2671 neque
839 2615 1114 2674 chronologos
1135 2632 1273 2673 neque
1288 2618 1557 2677 philosophos
1577 2637 1790 2667 moramur

263 2694 459 2738 multum.
521 2693 746 2751 Theologis
785 2710 884 2738 vero
923 2702 973 2738 ut
1013 2696 1321 2752 quodammodo
1359 2699 1550 2751 satisfiat,
1585 2702 1791 2746 nonnulla

358 2858 367 2879 ¹
395 2856 501 2903 [Vide
517 2855 618 2899 infra,
635 2867 720 2892 vers.
734 2855 892 2901 205-12]
1158 2857 1171 2875 ²
1197 2857 1302 2903 [vide
1318 2858 1420 2902 infra,
1437 2871 1520 2896 vers.
1533 2859 1693 2907 22942]
