1982 3204
149 374 263 401 PROP.
284 376 357 402 ΧΠ.

405 239 500 282 242
802 252 1116 287 TRACTATUS
1145 253 1395 288 OPTICUS.

404 362 560 425 major
583 378 774 427 semper
797 372 871 412 est
895 365 1043 412 sinus.
1090 365 1154 412 Et
1179 372 1253 412 est
1271 367 1375 429 jam
1399 372 1666 422 ostensum,
1691 379 1795 411 esse

403 444 458 484 ut
490 438 622 486 sinus
654 439 820 502 anguli
859 440 1186 488 inclinationis
1219 440 1283 488 ad
1320 441 1479 488 sinum
1516 439 1682 503 anguli
1717 454 1796 486 re-

401 512 562 572 fracti,
587 514 657 562 ita
681 515 839 562 sinum
863 516 1060 563 alterius
1093 517 1259 579 anguli
1293 516 1624 564 inclinationis
1647 514 1709 562 ad
1732 514 1796 562 si-

403 604 520 636 num
545 589 712 653 anguli
737 590 787 638 in
812 591 894 638 illa
916 590 1235 639 inclinatione
1259 591 1474 639 refracti.

861 771 1193 806 PROPOSITIO
1233 774 1361 807 XIII.

405 865 465 914 Si
489 865 584 913 duo
607 864 743 912 radii
759 864 1022 927 aequaliter
1046 866 1277 914 inclinati
1294 865 1573 931 procedant
1596 864 1669 912 ad
1683 863 1798 929 pla-

469 958 581 988 num
605 940 791 988 diversi
815 940 980 998 medii,
997 941 1131 989 alter
1155 959 1186 989 α
1207 943 1362 990 medio
1380 958 1501 989 raro
1520 941 1568 988 in
1583 940 1797 999 densum,

470 1016 601 1064 alter
633 1033 665 1063 a
701 1016 858 1063 medio
891 1016 1042 1064 denso
1079 1018 1245 1066 eodem
1285 1019 1334 1066 in
1369 1017 1575 1066 medium
1610 1031 1797 1074 rarum,

469 1092 606 1139 sinus
647 1091 824 1155 anguli
860 1092 1080 1155 refracti
1103 1093 1153 1141 in
1191 1109 1328 1151 raro,
1353 1093 1491 1141 sinus
1514 1091 1691 1156 anguli
1725 1091 1798 1138 in-

471 1166 769 1225 clinationis,
808 1173 858 1214 et
892 1167 1031 1215 sinus
1069 1169 1246 1234 anguli
1281 1167 1500 1231 refracti
1539 1167 1588 1214 in
1628 1166 1796 1224 denso,

469 1248 610 1289 erunt
629 1243 853 1290 continue
866 1244 1295 1307 proportionales,

473 1358 549 1406 Sit
574 1358 655 1406 CB
681 1359 879 1422 planum
905 1360 1124 1409 dividens
1150 1363 1246 1411 duo
1271 1362 1446 1420 media,
1472 1375 1680 1424 quorum
1703 1357 1798 1421 pri-

405 1449 539 1480 mum
564 1435 627 1482 sit
664 1451 846 1494 rarum,
882 1437 1149 1485 secundum
1176 1438 1401 1486 densius:
1438 1445 1487 1485 et
1524 1437 1589 1484 sit
1612 1435 1699 1483 AC
1721 1449 1799 1481 ra-

407 1508 514 1556 dius
537 1509 800 1559 inclinatus
819 1511 882 1559 ad
905 1511 1105 1575 planum
1130 1514 1216 1561 CB
1242 1514 1292 1562 in
1311 1527 1601 1578 quocunque
1620 1509 1799 1574 angulo

412 2553 557 2602 ACB.
629 2551 848 2600 Ducatur
871 2550 958 2598 AB
982 2549 1397 2613 perpendicularis
1427 2550 1490 2598 ad
1514 2551 1601 2599 AC
1632 2567 1803 2602 secans

412 2629 614 2693 planum
655 2628 706 2675 in
753 2627 810 2686 B,
851 2634 900 2675 et
947 2626 1250 2689 compleatur
1295 2627 1802 2690 parallelogrammum

413 2705 608 2754 ABCD.
680 2703 791 2752 Quo
816 2710 1036 2765 tempore
1072 2701 1224 2765 igitur
1254 2711 1491 2765 punctum
1515 2703 1560 2750 A
1582 2703 1718 2751 venit
1739 2703 1804 2752 ad

411 2781 611 2845 planum
635 2780 684 2827 in
712 2778 767 2837 C,
793 2777 979 2836 eodem,
1012 2777 1052 2825 si
1084 2776 1246 2825 media
1282 2785 1445 2825 essent
1467 2777 1684 2841 ejusdem
1715 2795 1803 2827 na-

413 2866 553 2914 turae,
606 2855 980 2918 immergeretur
1018 2859 1255 2916 punctum
1304 2852 1344 2900 B
1391 2853 1559 2901 subter
1602 2853 1801 2917 planum
