1982 3204
507 322 768 358 nosurtm
797 321 1224 357 onomarmcum.
1498 315 1555 359 19

172 448 314 481 arcus
337 432 417 491 ab,
442 435 518 491 cd,
544 435 619 496 ef:
645 435 738 483 erit
760 441 894 482 recta
910 433 984 481 Dc
1000 433 1162 482 media
1177 435 1555 497 proportionalis
1618 457 1727 485 mov.
1745 459 1784 485 v.

171 507 303 556 inter
336 518 519 558 rectam
555 510 634 558 Da
657 519 707 559 et
729 509 850 558 duas
883 509 1077 573 quintas
1111 509 1345 573 ejusdem,
1381 527 1554 579 nempe
1573 503 1837 578 &mdiu

170 583 332 632 minor
366 601 512 649 quam
550 586 656 644 DR,
690 594 863 634 contra
899 585 1219 648 suppositum.
1290 585 1404 633 Non
1441 596 1555 636 sunt
1571 594 1656 615 “⁶¹¹⁸
1669 585 1781 614 ‘³³⁰⁰st

170 674 289 723 ergo
313 676 455 709 arcus
480 661 560 709 RS
584 669 635 710 et
657 668 793 709 recta
815 660 895 708 Da
921 660 1150 723 aequales.

238 735 376 785 Idem
422 744 704 800 sequeretur
743 736 784 784 si
830 735 909 784 Da
945 736 1197 799 supposita
1233 743 1362 784 esset
1398 737 1555 799 major

171 826 318 875 quam
342 811 447 860 DC.
514 811 744 876 AEquales
775 827 894 875 ergo
929 819 1045 859 sunt
1072 827 1215 860 arcus
1241 811 1321 860 RS
1347 819 1397 859 et
1419 819 1556 860 recta

171 886 280 935 DC:
300 894 350 935 et
366 902 454 950 per
470 902 771 950 consequens
788 902 930 934 arcus
948 885 1055 944 TV,
1073 886 1124 934 id
1147 895 1223 935 est
1242 886 1349 934 duae
1372 886 1554 954 quingae

170 977 312 1010 arcus
336 961 436 1019 CA,
452 969 500 1010 et
525 971 660 1010 recta
683 961 775 1010 DR
793 970 908 1009 sunt
930 961 1156 1025 aequales.
1204 961 1263 1010 Id
1285 968 1375 1020 est,
1393 962 1556 1010 media

169 1036 547 1101 proportionalis
587 1037 716 1085 inter
751 1036 1167 1086 semidiametrum
1204 1046 1255 1086 et
1291 1037 1412 1086 duas
1449 1039 1553 1101 ejus

167 1112 378 1176 quintas,
401 1111 597 1175 aequalis
628 1120 704 1160 est
737 1111 925 1160 duabus
960 1112 1144 1176 quintis
1179 1121 1366 1176 quartae
1400 1113 1554 1176 partis

165 1186 336 1235 circuli
354 1187 776 1236 circumferentiae.
818 1186 966 1236 Quod
978 1195 1083 1236 erat
1102 1187 1551 1237 demonstrandum.

705 1475 887 1523 PROP.
925 1474 1012 1523 VI.

165 1574 568 1624 Dasminum-run
582 1574 874 1638 quadratum
883 1573 1138 1635 ABCD,et
1157 1583 1348 1625 secetur
1366 1584 1470 1625 tum
1488 1577 1551 1625 ab

164 1650 262 1710 EF,
277 1650 504 1709 GH,tum
519 1666 548 1698 a
566 1650 907 1714 diagonalibus
921 1650 1023 1708 Ac,
1033 1651 1137 1710 BD,
1147 1653 1552 1702 concurrentibus

164 1726 217 1775 in
239 1733 411 1775 centro
435 1726 475 1784 1,
500 1725 865 1790 quadrifariam.

230 1801 422 1850 Deinde
445 1802 574 1850 inter
597 1800 683 1850 DC
709 1810 760 1849 et
787 1802 940 1865 ipsius
963 1801 1085 1850 duas
1115 1803 1309 1867 quintas
1332 1811 1554 1852 sumatur

163 1877 327 1926 media
348 1877 728 1942 proportionalis
751 1877 866 1926 DR:
901 1885 953 1926 et
969 1879 1144 1941 juncta
1166 1878 1259 1925 AR
1280 1894 1449 1927 secans
1471 1879 1553 1927 EF

163 1953 216 2001 in
239 1969 287 2012 α,
305 1953 607 2018 producatur
624 1952 781 2001 donec
799 1961 1027 2001 occurrat
1042 1953 1184 2002 lateri
1202 1952 1289 2003 BG
1307 1954 1550 2018 producto

165 2027 218 2076 in
243 2027 289 2076 b.

230 2103 355 2152 Dico
378 2111 564 2152 rectam
600 2103 674 2151 Bb
698 2103 1007 2167 quintuplam
1030 2119 1136 2152 esse
1160 2112 1308 2153 rectae
1332 2104 1424 2163 Ea,
1448 2105 1549 2153 sive

162 2179 348 2244 quintae
371 2179 527 2243 partis
551 2195 693 2227 arcus
717 2178 821 2228 AC.

232 2254 475 2304 Quoniam
513 2254 690 2302 similia
723 2261 839 2302 sunt
871 2253 1117 2318 triangula
1144 2255 1297 2314 ADR,
1327 2253 1464 2313 ABb,
1500 2262 1550 2303 et

162 2346 304 2379 arcus
335 2330 621 2394 quadrantis
653 2329 886 2394 descripti
909 2345 939 2377 a
961 2329 1054 2378 DR
1077 2338 1151 2378 est
1182 2330 1380 2394 aequalis
1408 2329 1550 2378 lateri

162 2405 271 2466 DC,
294 2405 396 2454 sive
420 2404 526 2464 AB,
551 2405 646 2453 erit
669 2419 861 2469 quoque
896 2421 1038 2453 arcus
1070 2405 1340 2469 descriptus
1370 2405 1432 2453 ab
1457 2404 1547 2453 AB

162 2481 359 2545 aequalis
393 2489 540 2530 rectae
566 2479 652 2528 Bb.
724 2481 848 2529 Cum
872 2496 990 2544 ergo
1013 2481 1107 2530 DR
1129 2482 1190 2529 sit
1222 2481 1333 2530 duae
1367 2481 1548 2545 quintae

163 2571 306 2605 arcus
331 2555 434 2615 AC,
466 2564 518 2604 et
547 2572 635 2620 per
669 2572 973 2620 consequens
1005 2556 1078 2604 Bb
1102 2557 1315 2621 quinque
1347 2557 1546 2621 quintae,

165 2630 261 2680 erit
283 2629 358 2679 Bb
381 2631 639 2695 quintupla
672 2640 821 2680 rectae
844 2631 942 2679 Ea:
980 2647 1101 2695 quae,
1127 2648 1239 2680 cum
1262 2633 1325 2680 sit
1348 2631 1550 2680 dimidia

163 2713 312 2755 rectae
334 2706 442 2766 DR,
466 2714 542 2755 est
564 2707 737 2771 quinta
753 2722 868 2770 pars
891 2723 1034 2756 arcus
1052 2706 1138 2757 AC
1162 2708 1264 2756 sive
1287 2715 1435 2756 rectae
1460 2707 1547 2755 Bb.

166 2778 317 2829 Quod
337 2789 443 2830 erat
472 2781 924 2830 demonstrandum.

233 2854 287 2903 Si
302 2871 420 2920 ergo
437 2864 657 2905 sumatur
673 2857 726 2905 in
743 2856 896 2905 latere
914 2857 997 2905 BC
1013 2873 1126 2921 pars
1151 2858 1213 2906 Bl
1243 2857 1441 2921 aequalis
1459 2857 1550 2913 Ea,

166 2945 228 2978 ea
248 2929 505 2995 quinquies
528 2931 736 2995 repetita
760 2931 1106 2980 terminabitur
1127 2932 1179 2980 iu
1203 2931 1249 2981 b.

1321 3020 1351 3053 c
1374 3022 1393 3051 2
