1982 3204
0 2778 7 2838 orw-
0 2694 10 2767 νιν-ην-
0 2577 10 2685 ννυυιτπ-ἰ.
0 2489 7 2569 mcv-r.
0 2419 5 2447 ῆι
0 2388 13 2395 *3

436 306 682 346 Αιιαυοτ
707 303 1074 340 ῦεοΜιῑτιιιοΑ
1095 303 1212 337 Ere.
1429 293 1519 344 177

136 434 198 468 ea
226 418 428 468 dimidia
462 417 647 467 chorda
680 432 821 465 arcus
854 415 931 474 Bi,
954 422 1005 463 et
1035 423 1210 478 quarta
1238 430 1349 477 pars
1373 423 1521 464 rectae
1594 431 1684 457 cn.
1701 430 1756 456 v1.

1576 475 1765 497 b-f——ae

137 494 241 544 AT.
310 494 471 543 Ducta
493 510 610 557 ergo
635 493 739 550 NL,
757 500 808 540 et
830 490 1086 555 producta,
1110 489 1337 537 transibit
1359 506 1446 552 per
1470 507 1587 547 e·1„
1606 518 1716 546 ,ώσω
1737 525 1807 554 „m

1541 561 1625 589 meni
1638 561 1676 589 nd
1690 560 1805 589 radium

1542 603 1652 633 circuni.

138 569 440 634 producatur
471 578 635 618 autem
666 568 730 616 ad
768 567 857 615 BH
893 567 943 614 in
975 566 1026 613 P.
1095 565 1226 627 Ergo
1261 580 1402 612 arcus
1436 565 1524 613 KL

139 646 339 709 aequalis
369 655 442 693 est
477 646 613 693 arcui
650 644 732 691 Be.
804 641 1054 696 Similiter,
1087 640 1126 688 si
1162 640 1260 687 MT
1285 639 1439 687 divisa
1462 641 1526 688 sit

138 720 400 769 bifariam
388 737 437 768 1n
462 721 527 778 X,
543 719 691 767 ducta
708 718 805 766 NX
824 726 874 765 et
892 716 1133 780 producta
1150 715 1334 763 secabit
1358 731 1526 763 arcum

142 795 229 844 BG
251 796 302 844 in
320 811 349 842 ο
373 795 443 843 ita
467 803 520 843 ut
537 795 607 843 oG
626 795 689 842 sit
707 800 880 857 quarta
904 808 1015 855 pars
1033 807 1175 839 arcus
1196 790 1296 848 BG,
1315 799 1366 839 et
1385 807 1527 839 arcus

142 870 472 935 quadrantalis
491 870 583 918 VX
608 868 805 933 aequalis
830 868 924 915 erit
947 867 1082 915 arcui
1107 867 1192 914 Bo.
1242 867 1305 914 Et
1330 867 1399 914 sic
1423 855 1533 930 perX

141 954 308 1010 petuo,
378 947 542 995 Rectae
581 945 731 1008 igitur
767 960 876 1007 quae
915 942 1163 991 ducuntur
1198 958 1227 990 a
1263 951 1447 1005 puncto
1481 943 1527 990 N

144 1020 364 1070 divident
402 1028 508 1069 tum
548 1029 708 1068 rectas
736 1019 836 1078 AT,
874 1018 964 1084 Bq,
1001 1026 1107 1066 tum
1140 1034 1310 1066 arcum
1343 1018 1443 1077 BG,
1479 1019 1530 1066 in

143 1096 339 1145 easdem
370 1096 599 1144 rationes·

211 1171 265 1220 Si
308 1186 426 1234 ergo
470 1170 676 1218 bisectio
714 1169 1030 1218 continuetur
1067 1176 1307 1233 quantum
1352 1177 1531 1232 potest,

143 1246 456 1311 pervenietur
471 1245 669 1294 tandem
684 1245 747 1293 ad
761 1260 928 1292 arcum
948 1244 1116 1292 circuli
1132 1244 1368 1292 minorem
1387 1261 1534 1308 quam

146 1330 223 1371 est
244 1322 452 1371 latitudo
475 1322 632 1381 lineae,
652 1322 753 1369 sive
775 1320 942 1368 lateris
967 1319 1073 1368 AB.
1110 1320 1252 1378 Item,
1268 1335 1356 1383 per
1370 1335 1533 1382 cap.v,

146 1414 280 1447 num.
297 1404 345 1457 9,
370 1398 497 1446 ratio
522 1414 663 1446 arcus
694 1397 758 1445 ad
789 1395 1025 1444 chordam
1060 1411 1252 1458 semper
1280 1395 1535 1443 decrescit.
1559 1398 1570 1401 ⁷

149 1474 315 1524 Quare
334 1473 608 1522 differentia
629 1488 772 1521 arcus
791 1471 855 1519 ad
878 1487 1014 1519 suam
1033 1470 1268 1519 chordam
1287 1470 1538 1518 decrescet

148 1550 296 1599 etiam
311 1548 470 1598 donec
479 1549 638 1597 minor
645 1548 793 1596 fuerit
808 1547 940 1595 omni
950 1546 1225 1594 differentia
1238 1545 1535 1609 assignabili.

216 1625 532 1689 Supponatur
549 1641 666 1687 ergo
686 1631 940 1687 segmento
955 1622 1158 1670 minimo
1176 1622 1412 1686 aequalem
1430 1637 1537 1669 esse

147 1699 459 1749 latitudinem
499 1700 623 1748 radii
649 1698 756 1757 AB,
798 1698 877 1746 vel
916 1698 1077 1746 minor
1112 1697 1220 1745 illa:
1267 1698 1538 1760 (nunquam

149 1784 315 1823 antem
337 1776 422 1824 fiet
444 1774 722 1832 bisecando,
743 1782 799 1822 ut
815 1773 1079 1822 reducatur
1096 1772 1147 1820 in
1165 1773 1420 1833 nihilum):
1445 1772 1540 1819 erit

150 1851 377 1900 ultimum
396 1859 445 1899 et
463 1851 719 1898 minimum
738 1857 1045 1913 segmentum
1068 1848 1118 1896 in
1142 1855 1278 1896 recta
1298 1847 1391 1895 BH
1408 1846 1471 1895 ad
1489 1864 1538 1911 q.

149 1926 216 1975 Et
238 1926 308 1975 sic
330 1934 568 1990 perpetuo
593 1933 847 1989 segmenta
868 1939 1011 1972 arcus
1036 1922 1125 1973 BG
1147 1924 1314 1971 omnia
1335 1922 1541 1986 aequalia

146 2002 383 2065 jacebunt
406 2010 610 2049 extensa
631 2001 683 2048 in
708 2007 892 2048 rectam
916 1998 1004 2063 Bq.
1054 1999 1182 2047 Nam
1201 1998 1274 2063 Bq
1291 1999 1448 2061 major
1466 2006 1542 2046 est

152 2092 299 2141 quam
324 2075 391 2134 bt,
415 2092 522 2140 quae
544 2075 743 2140 aequalis
766 2084 843 2124 est
867 2074 1064 2123 chordae
1087 2090 1228 2122 arcus
1254 2072 1354 2123 BG.
1424 2074 1541 2121 Pro-

152 2151 360 2200 ducatur
388 2168 450 2199 ae
485 2150 549 2199 ad
576 2166 836 2199 occursum
868 2166 980 2198 cum
1015 2149 1097 2214 Nq
1122 2150 1172 2197 in
1197 2167 1251 2197 u:
1286 2158 1338 2197 et
1361 2149 1454 2196 erit
1477 2165 1542 2195 au

153 2226 354 2291 aequalis
384 2235 593 2290 quatuor
625 2226 820 2274 chordis
851 2242 994 2274 arcus
1025 2224 1110 2284 Be,
1134 2224 1222 2273 sed
1253 2225 1414 2272 minor
1438 2232 1543 2271 tota

153 2302 247 2368 Bq.
283 2302 532 2360 Similiter,
552 2302 591 2350 si
615 2318 757 2350 arcus
779 2318 843 2350 ae
865 2302 1124 2357 bisecetur,
1147 2308 1198 2349 et
1222 2300 1356 2348 sinus
1379 2307 1542 2346 rectus

154 2379 261 2442 ejus
279 2377 503 2436 ducatur,
524 2377 604 2426 ille
622 2377 891 2441 productus
913 2377 978 2426 ad
995 2392 1251 2425 occursum
1277 2391 1389 2423 cum
1408 2382 1544 2422 recta

154 2453 239 2519 Nq
251 2453 452 2518 aeqnalis
470 2454 566 2502 erit
589 2461 703 2502 octo
722 2452 918 2501 chordis
941 2468 1083 2500 arcus
1101 2468 1178 2508 ae,
1196 2451 1356 2499 minor
1379 2458 1543 2498 tamen

155 2536 294 2578 recta
316 2529 412 2593 Bq.
447 2530 513 2577 Et
537 2530 607 2578 sic
630 2545 838 2593 semper,
865 2529 1022 2577 donec
1043 2535 1241 2576 ventum
1265 2526 1330 2574 sit
1352 2525 1415 2573 ad
1438 2541 1545 2587 seg-

156 2610 377 2653 mentum
420 2604 649 2652 ultimum
694 2612 745 2652 et
791 2604 1063 2662 minimum,
1104 2603 1243 2666 cnjus
1288 2599 1543 2663 longitudo

156 2678 360 2741 aequalis
382 2678 449 2728 sit
471 2679 719 2728 latitudini
742 2678 867 2727 radii
891 2677 997 2726 AB.

226 2753 399 2817 Itaque
416 2753 459 2802 si
479 2753 621 2803 lateri
636 2752 727 2802 AB
745 2753 1044 2802 concedatur
1061 2750 1268 2800 latitudo
1287 2748 1543 2813 quantula-

160 2843 369 2892 cunque,
393 2837 537 2876 erunt
558 2844 701 2877 arcus
721 2826 809 2878 BG
835 2835 884 2876 et
908 2835 1043 2875 recta
1066 2826 1138 2890 Bq
1161 2825 1387 2889 aequaleS.
1458 2822 1545 2869 Sin

159 2902 301 2952 lineae
324 2911 532 2965 negetur
553 2902 765 2952 latitudo
790 2902 965 2960 omnis,
983 2916 1082 2949 non
1106 2900 1250 2949 modo
1269 2914 1381 2963 pars
1404 2911 1545 2944 arcus

293 2992 418 3025 vor..
445 2991 495 3024 v.
1375 2986 1409 3019 N
