1982 3204
451 311 696 351 Amouo'r
723 308 1083 344 Geouss‘rch
1106 309 1225 343 Ere.
1443 299 1533 350 157

217 424 354 472 Inter
375 423 617 488 principia
639 421 885 471 numerari
904 421 1052 468 etiam
1076 420 1236 468 solent
1251 420 1534 484 petitiones.

1609 439 1701 466 CAP.
1722 439 1748 465 ¹.

1589 483 1779 507 s-—v-—ae

152 498 251 548 Sed
267 499 363 547 illae
381 498 566 547 sciendi
585 497 826 561 principia
844 512 943 544 non
956 503 1085 551 sunt,
1100 495 1186 542 sed
1202 496 1534 554 construendi,
1573 526 1617 554 „0
1630 526 1769 562 mim„

151 574 204 623 id
226 582 302 623 est
336 575 602 637 figurarum
641 572 1003 636 descriptionis:
1038 572 1088 619 in
1114 571 1289 634 quibus
1312 572 1433 619 nihil
1452 576 1537 619 're-
1572 570 1797 608 Pfiflfflpiffl‘*

152 650 363 714 quiritur
387 657 711 713 praeterquam
737 647 869 711 quod
893 647 991 695 siut
1015 646 1284 710 possibiles.

221 725 315 774 Pro
332 724 583 789 principiis
600 723 784 771 sciendi
809 721 1044 771 habendae
1063 722 1210 770 etiam
1229 729 1345 769 sunt
1362 737 1542 785 propo-

154 801 357 850 sitiones
401 815 584 856 omnes,
625 814 830 862 quarum
876 798 1057 846 veritas
1103 797 1287 845 lumine
1331 798 1544 846 naturali

156 876 423 940 conspicua
468 884 557 923 est.
629 874 701 922 De
747 874 954 922 veritate
1001 873 1200 936 quidem
1246 860 1544 921 definitionis

157 951 403 1015 legitimae,
438 950 668 1014 quoniam
703 950 886 997 habent
922 949 1181 997 veritatem
1217 965 1354 997 suam
1377 965 1407 997 a
1429 965 1546 997 con-

158 1043 304 1076 sensu
327 1034 377 1074 et
399 1026 602 1073 arbitrio
624 1025 876 1073 hominum
899 1025 1045 1072 rebus
1070 1024 1322 1087 explicatis
1346 1025 1548 1073 nomina

158 1118 248 1151 suo
270 1102 413 1150 libitu
438 1101 810 1164 imponentium,
836 1100 1051 1148 dubitari
1075 1116 1176 1148 non
1198 1107 1378 1164 potest.
1448 1100 1547 1148 Sed

158 1184 272 1227 sunt
293 1176 651 1241 propositiones
675 1175 916 1238 quaedam,
942 1177 1113 1239 quas*,
1138 1177 1231 1224 etsi
1253 1192 1284 1224 a
1306 1175 1549 1224 definitio-

158 1252 303 1302 nibus
327 1250 637 1315 dependeant
660 1259 711 1298 et
733 1267 823 1315 per
845 1251 951 1299 illas
977 1251 1302 1299 demonstrari
1326 1258 1545 1315 possunt,

160 1328 232 1376 ita
253 1335 418 1376 tamen
442 1326 711 1390 perspicuae
735 1335 852 1375 sunt
875 1335 930 1375 ut
948 1327 1095 1375 etiam
1116 1327 1221 1375 sine
1245 1327 1549 1375 demonstra-

160 1403 294 1452 tione
317 1418 568 1451 assensum
592 1410 788 1466 cogant.
826 1402 1081 1450 Vocantur
1103 1411 1270 1451 autem
1289 1398 1570 1450 axiomata(

162 1478 444 1527 Cavendum
469 1486 632 1526 autem
657 1486 747 1536 est,
766 1494 829 1526 ne
852 1486 1054 1541 propter
1077 1493 1369 1526 consensum
1393 1477 1551 1526 solum

165 1555 511 1618 magistrorum
544 1569 634 1616 pro
656 1554 784 1601 veris
816 1554 1106 1601 habeantur.
1177 1551 1392 1601 Multum
1420 1552 1551 1601 enim

165 1630 368 1679 interest
398 1629 529 1677 inter
558 1629 907 1677 authoritatem
939 1628 1175 1692 magistri,
1209 1628 1327 1676 licet
1361 1627 1551 1692 optimi,

166 1714 217 1754 et
239 1705 403 1754 lumen
427 1704 666 1752 naturale.
703 1704 840 1752 Nihil
858 1703 989 1752 enim
1012 1711 1114 1752 tam
1136 1703 1400 1752 absurdum
1419 1702 1556 1752 dictu

167 1787 257 1838 est,
290 1780 409 1844 quin
442 1779 677 1843 magister
710 1780 902 1843 aliquis,
938 1780 1116 1828 erroris
1150 1779 1355 1843 alicujus
1387 1778 1556 1827 defen-

168 1854 317 1904 dendi
340 1871 503 1913 causa,
528 1871 667 1918 aeque
690 1855 956 1903 absurdum
980 1854 1243 1918 aliquando
1267 1854 1533 1918 scripserit.

235 1930 712 1994 Praecognoscendus
736 1940 975 1994 praeterea
1008 1939 1085 1979 est
1118 1930 1293 1979 modus
1325 1929 1555 1988 addendi,

169 2006 531 2064 substrahendi,
555 2006 931 2070 multiplicandi,
954 2013 1006 2055 et
1041 2005 1291 2054 dividendi
1327 2021 1558 2054 numeros

169 2082 374 2141 cosicoe,
398 2082 449 2131 id
485 2090 576 2140 est,
601 2097 684 2129 res
707 2087 1006 2130 numeratas.
1067 2081 1214 2136 Quod
1237 2081 1382 2132 facile
1401 2089 1490 2140 est,
1508 2088 1559 2129 et

171 2157 376 2206 docetur
398 2174 429 2205 a
450 2157 594 2204 Vieta
617 2157 667 2204 in
692 2156 934 2221 Isagoge,
958 2155 1046 2205 sed
1079 2156 1346 2205 clarissime
1374 2157 1560 2205 brevis-

172 2233 388 2297 simeque
406 2232 468 2280 ab
486 2231 775 2295 Oughtredo
794 2231 845 2279 in
864 2230 1016 2280 Clave
1033 2231 1375 2281 Arithmeticae
1395 2251 1406 2280 :
1430 2232 1560 2280 unde

173 2316 411 2373 quantum
433 2307 592 2355 visum
616 2315 692 2355 est
719 2306 947 2355 transtuli
979 2307 1077 2356 huc
1098 2308 1150 2355 in
1174 2317 1324 2372 caput
1346 2308 1559 2356 tertium.

173 2383 335 2432 Etiam
358 2398 673 2431 numerorum
706 2381 1058 2446 quadratorum
1092 2391 1143 2431 et
1177 2383 1478 2441 cubicorum,
1514 2390 1565 2431 et

175 2458 370 2507 illorum
404 2459 642 2516 radicum,
666 2465 844 2506 natura
866 2467 918 2506 et
941 2459 1222 2507 inveniendi
1257 2459 1429 2507 modus
1457 2474 1566 2522 per-

177 2533 439 2582 discendus
462 2542 553 2582 est.
622 2533 698 2581 De
722 2549 818 2597 quo
843 2541 1084 2582 tractatur
1107 2534 1267 2598 capite
1291 2542 1484 2598 quarto.

245 2609 371 2657 Item
410 2617 588 2657 natura
628 2608 796 2672 anguli
829 2608 1134 2672 praecognita
1172 2625 1276 2657 esse
1312 2609 1480 2657 debet:
1515 2616 1567 2656 et

179 2691 439 2747 propterea
464 2683 791 2748 proprietates
813 2684 918 2747 ejus
941 2683 1100 2747 capite
1118 2684 1289 2747 quinto
1307 2684 1567 2748 explicavi-

181 2773 306 2806 mus.
375 2758 427 2806 Si
449 2757 568 2822 quid
601 2758 810 2822 denique
833 2774 863 2806 a
885 2774 1176 2822 quocunque
1209 2759 1418 2807 authore
1441 2760 1566 2807 bene

658 2924 681 2945 ⁶
704 2923 768 2962 Sic
805 2923 895 2961 edit.
922 2924 1033 2962 16'74.
