1982 3204
408 235 505 277 256
910 246 1287 280 OBJECTIONES

158 371 352 400 onmem-10
406 362 638 404 actuum:
674 355 816 404 valde
847 357 1025 405 rationi
1066 363 1447 404 consentaneum
1484 361 1571 412 est,
1597 360 1647 402 et
1682 369 1798 403 usus

229 427 270 453 11.

160 473 349 495 κ-Ὓῂκ

402 432 559 494 jubet,
600 439 658 479 ut
694 432 800 480 illas
842 433 1138 480 substantias
1182 447 1302 494 quas
1342 430 1652 493 agnoscimus
1692 446 1798 478 esse

407 507 626 570 subjecta
642 507 783 571 plane
803 507 1105 555 diversorum
1120 514 1318 554 actuum
1337 506 1436 553 sive
1457 505 1798 563 accidentium,

409 582 612 631 diversis
657 583 936 631 nominibus
983 583 1298 646 appellemus,
1340 589 1487 645 atque
1527 587 1583 629 ut
1627 588 1800 644 postea

407 666 575 706 utrum
611 659 695 707 illa
719 659 907 707 diversa
941 659 1142 706 nomina
1165 674 1241 706 res
1279 657 1508 714 diversaS‚
1532 656 1611 705 vel
1649 672 1798 705 unam

409 742 458 782 et
496 735 701 782 eandem
737 736 1028 798 significent,
1055 734 1400 782 examinemus.
1471 732 1597 780 Sunt
1632 741 1797 780 autem

408 818 548 858 actus
574 810 769 873 quidam
797 826 918 873 quos
943 825 1173 858 vocamus
1213 823 1492 871 corporeos,
1517 815 1573 855 ut
1609 807 1800 870 magni-

407 885 544 943 tudo,
569 886 744 949 figura,
769 893 946 943 motus,
972 893 1022 932 et
1046 884 1141 932 alia
1177 885 1341 932 omnia
1376 899 1483 945 quae
1506 883 1690 946 absque
1726 881 1799 930 lo-

407 961 500 1008 cali
525 961 807 1008 extensione
846 960 1052 1024 cogitari
1089 975 1188 1007 non
1229 967 1464 1022 possunt:
1501 965 1649 1021 atque
1686 957 1800 1004 sub-

406 1037 638 1084 stantiam
679 1037 759 1083 cui
805 1036 875 1083 illi
920 1036 1104 1093 insunt,
1129 1050 1357 1082 vocamus
1404 1049 1601 1097 corpu&
1694 1032 1800 1080 Nec

403 1111 525 1174 fingi
550 1118 710 1174 potest
733 1111 829 1158 alia
853 1127 956 1158 esse
988 1111 1258 1159 substantia
1287 1126 1397 1173 quae
1422 1109 1486 1157 sit
1522 1106 1799 1171 subjectum

405 1187 590 1250 figurae,
627 1187 722 1234 alia
746 1203 856 1250 quae
881 1187 942 1234 sit
980 1187 1254 1249 subjectum
1278 1193 1440 1233 motus
1470 1185 1637 1233 localis
1675 1192 1799 1232 etc.:

406 1262 520 1325 quia
543 1278 711 1310 omnes
735 1262 806 1309 illi
829 1270 967 1310 actus
991 1262 1292 1310 conveniunt
1317 1262 1405 1309 sub
1429 1277 1529 1308 una
1552 1260 1800 1308 communi

406 1337 599 1385 ratione
624 1337 935 1385 extensionis.
1012 1337 1139 1385 Sunt
1174 1336 1350 1384 deinde
1381 1336 1464 1384 alii
1501 1343 1656 1394 actus,
1679 1350 1800 1398 quos

406 1428 637 1461 vocamus
670 1413 988 1478 cogitativOS,
1029 1420 1086 1460 ut
1126 1411 1415 1475 intelligere,
1446 1410 1586 1469 velle,
1627 1409 1801 1472 imagi-

406 1488 530 1546 nari,
557 1488 736 1535 sentire
762 1496 855 1535 etc.
875 1509 886 1543 ;
923 1488 1006 1552 qui
1031 1503 1199 1535 omnes
1224 1488 1313 1535 sub
1337 1486 1529 1534 ratione
1553 1484 1802 1534 communi

407 1564 735 1627 cogitationis,
784 1564 884 1611 sive
938 1563 1284 1627 perceptionis,
1334 1563 1434 1610 sive
1489 1561 1801 1610 conscientiae

406 1640 705 1688 conveniunt
725 1660 737 1695 ;
774 1647 919 1702 atque
938 1639 1261 1687 substantiam
1285 1638 1365 1686 cui
1388 1638 1568 1696 insunt,
1595 1637 1802 1685 dicimus

406 1731 511 1763 esse
537 1732 642 1763 rem
666 1715 983 1779 cogitantem,
1009 1716 1107 1763 sive
1131 1722 1361 1774 mentem,
1388 1714 1488 1762 sive
1512 1714 1607 1762 alio
1631 1713 1802 1777 quovis

406 1791 635 1839 nomine:
672 1791 819 1839 modo
853 1807 916 1839 ne
947 1791 1104 1854 ipsam
1129 1806 1241 1838 cum
1273 1790 1543 1838 substantia
1567 1804 1803 1852 corporea

407 1866 781 1925 confundamus,
798 1867 1029 1930 quoniam
1049 1875 1188 1914 actus
1208 1865 1463 1930 cogitativi
1486 1864 1672 1912 nullam
1690 1880 1802 1912 cum

405 1943 594 1990 actibus
627 1942 874 2006 corporeis
914 1942 1098 1989 habent
1135 1942 1438 1997 affinitatem,
1463 1947 1512 1988 et
1554 1940 1800 2003 cogitatio,

407 2035 519 2081 quae
543 2026 616 2066 est
651 2019 868 2082 ipsarum
892 2019 1018 2066 ratio
1053 2017 1342 2072 communis,
1366 2024 1472 2064 toto
1507 2031 1686 2079 genere
1711 2015 1804 2063 dif-

407 2094 505 2141 fert
539 2095 601 2142 ab
627 2094 928 2153 extensione,
955 2110 1064 2156 quae
1098 2101 1173 2141 est
1210 2093 1335 2140 ratio
1378 2091 1650 2140 communis
1687 2090 1802 2138 alio-

410 2186 535 2218 rum.
622 2171 887 2233 Postquam
924 2185 1039 2217 vero
1078 2168 1199 2216 duos
1241 2168 1500 2216 distinctos
1538 2174 1803 2229 conceptus

409 2247 613 2293 istarum
651 2246 858 2293 duarum
883 2245 1267 2292 substantiarum
1303 2243 1636 2300 formavimus,
1660 2240 1803 2289 facile

411 2328 484 2368 est
513 2337 572 2368 ex
605 2320 750 2367 dictis
786 2320 836 2367 in
869 2328 1008 2368 sexta
1044 2319 1372 2367 Meditatione
1408 2332 1703 2381 cognoscere
1740 2332 1804 2364 an

410 2412 510 2443 una
533 2403 583 2443 et
607 2395 776 2443 eadem
800 2395 915 2453 sint,
940 2411 1002 2442 an
1028 2394 1248 2442 diversae.

918 2533 1184 2568 OBJECTlO
1214 2533 1296 2566 111.

415 2611 552 2668 Quid
571 2627 695 2676 ergo
717 2617 793 2658 est
827 2611 963 2676 quod
996 2628 1028 2658 a
1063 2627 1168 2658 mea
1194 2608 1498 2674 cogitatione
1521 2609 1804 2675 distingua-

477 2690 605 2736 tur?
690 2685 835 2744 Quid,
878 2685 1013 2750 quod
1049 2702 1081 2732 a
1111 2701 1183 2732 me
1218 2684 1328 2749 ipso
1375 2690 1659 2749 separatum
1701 2683 1806 2732 dici

468 2764 686 2828 potest?

480 2856 625 2904 Forte
658 2854 974 2919 respondebit
1005 2853 1179 2917 aliquis
1203 2852 1318 2901 huic
1344 2853 1619 2916 quaestioni,
1644 2868 1674 2901 a
1697 2866 1806 2900 mea
