1982 3204
751 300 1050 335 PRAEFA‘rm.
1587 297 1652 340 95

139 417 191 465 in
215 432 378 465 rerum
402 432 599 466 suarum
628 418 899 467 rationibus
932 418 1243 483 distinguunt
1278 422 1407 470 inter
1431 439 1573 471 unum
1605 432 1656 472 et

139 515 279 548 unum
318 500 437 548 satis
477 500 691 559 dextere,
728 501 911 549 lumine
949 502 1178 550 naturali.
1261 502 1415 550 Iidem
1457 520 1571 552 vero
1613 505 1654 552 si

138 594 285 643 quam
308 579 667 627 arithmeticam
692 579 742 626 in
773 579 939 627 schola
962 579 1240 628 didicerunt
1276 581 1339 628 ad
1379 576 1654 630 docendum

138 665 409 714 uterentur,
450 657 756 704 characteres
793 658 910 705 istos
952 673 1039 721 pro
1082 659 1226 706 rebus
1263 659 1381 722 ipsis
1419 669 1655 722 perpetuo

138 734 306 783 forsan
330 734 543 783 habituri
566 742 742 783 essent.

205 812 448 861 Viderunt
493 813 587 860 hoc
621 812 883 876 scriptores
930 813 1155 876 algebroe,
1189 829 1300 861 cum
1335 830 1424 877 pro
1466 814 1656 863 unitate

138 905 413 955 supponere
436 890 710 938 docuerunt
732 906 875 937 unam
899 906 1001 938 rem
1018 909 1037 945 ‚·
1072 899 1123 938 et
1154 891 1249 938 arti
1285 907 1383 938 suae
1419 891 1654 954 impcsue-

138 978 254 1018 runt
286 984 466 1016 nomen
497 968 725 1027 cosicam,
763 984 793 1016 a
827 984 962 1027 cosa,
986 985 1107 1017 voce
1145 969 1317 1017 Italica
1350 970 1656 1032 significante

138 1062 255 1095 rem.
323 1047 485 1095 Etiam
516 1054 672 1095 artem
697 1062 833 1095 suam
870 1048 1242 1111 appellaverunt
1277 1046 1656 1096 Arithmeticam

138 1124 444 1190 Speciosam,
468 1124 583 1188 quia
619 1126 960 1189 supponebant
996 1142 1085 1189 pro
1122 1126 1316 1174 unitate
1346 1126 1559 1190 aliquam
1584 1143 1655 1174 re-

136 1217 247 1251 rnm
285 1203 517 1267 speciem,
542 1212 597 1251 ut
635 1220 908 1262 numerum,
943 1204 1140 1263 lineam,
1180 1204 1396 1268 planum,
1430 1205 1655 1263 solidum,

137 1288 251 1339 etc„
274 1297 420 1345 quam
443 1281 850 1345 multiplicabant,
885 1282 1184 1340 dividebant,
1207 1283 1472 1341 addebant,
1498 1284 1655 1332 detra·

135 1358 431 1424 bebantque,
475 1370 624 1424 prout
645 1360 900 1424 problema
935 1360 1329 1424 investigandum
1360 1362 1655 1424 postulabat,

135 1453 227 1502 per
246 1453 491 1486 numeros„

205 1531 291 1566 111.
325 1517 399 1565 Ex
422 1533 517 1565 uno
547 1517 606 1565 fit
639 1534 863 1566 numerus
900 1518 1087 1566 duabus
1112 1518 1495 1582 operationibus,
1519 1517 1654 1566 addi-

136 1594 273 1643 tione
295 1595 372 1643 vel
399 1595 809 1659 multiplicatione
844 1597 1121 1660 aequalinm.
1191 1597 1319 1644 Nam
1351 1597 1499 1644 etiam
1533 1596 1654 1644 mul·

135 1673 376 1737 tiplicatio
394 1673 581 1722 additio
600 1682 688 1733 est,
705 1674 791 1722 sed
809 1676 1091 1739 aequalium:
1117 1675 1373 1739 aequalium
1400 1675 1526 1732 dico,
1540 1675 1655 1738 quia

136 1745 368 1816 quicquid
390 1751 442 1799 in
474 1753 758 1815 operatione
790 1754 1099 1802 arithmetica
1132 1769 1222 1817 pro
1257 1754 1448 1801 unitate
1479 1769 1654 1816 suppo-

135 1829 287 1888 nitur,
311 1829 441 1877 idem
466 1829 558 1877 sibi
583 1830 768 1893 aequale
791 1839 1045 1894 permanet
1071 1845 1226 1894 usque
1261 1830 1324 1878 ad
1358 1831 1507 1877 finem
1542 1846 1654 1894 ope-

135 1907 353 1956 rationis.
406 1907 604 1970 Alioqui
626 1908 748 1956 falsa
771 1916 860 1957 est.
930 1909 1102 1972 Neque
1126 1908 1256 1957 enim
1273 1908 1475 1966 additio,
1497 1924 1656 1972 neque

136 1985 445 2045 substractio,
485 2001 643 2049 neque
679 1986 1038 2051 multiplicatio,
1075 2003 1234 2051 neque
1268 1987 1457 2046 divisio,
1493 1994 1654 2035 mutat

134 2063 209 2111 rei
229 2063 544 2111 numerandae
567 2071 792 2112 naturam
811 2072 898 2113 aut
919 2065 1146 2128 speciem.

202 2141 281 2190 Ab
304 2158 398 2189 uno
419 2156 508 2204 per
531 2140 835 2199 divisionem,
858 2150 1007 2207 atque
1039 2143 1187 2191 etiam
1218 2157 1307 2207 per
1342 2142 1656 2191 substractio-

135 2233 266 2278 nem,
294 2219 352 2267 fit
385 2218 599 2282 partium
630 2220 955 2284 aliquotarum
990 2236 1237 2268 numerus.
1306 2220 1491 2268 Divisio
1523 2220 1655 2267 enim

135 2295 266 2344 idem
303 2305 381 2345 est
417 2295 548 2360 quod
590 2298 884 2347 substractio
922 2298 1125 2347 minoris
1155 2314 1185 2346 a
1220 2299 1423 2362 majore,
1462 2297 1655 2361 quoties

134 2372 243 2423 fieri
263 2382 442 2438 potest.

205 2466 283 2501 lv.
318 2452 636 2502 Manifestum
666 2468 786 2516 ergo
817 2460 894 2501 est
921 2451 1236 2516 multiplicari
1259 2452 1381 2500 nihil
1403 2467 1547 2516 posse
1569 2466 1658 2515 per

137 2544 319 2578 unum:
354 2546 469 2579 nam
493 2547 646 2579 unum
669 2546 757 2594 per
779 2546 933 2579 unum
955 2546 1055 2579 non
1077 2530 1284 2594 amplius
1307 2546 1408 2578 uno
1431 2529 1566 2578 facit.

204 2621 257 2655 v.
293 2607 468 2672 Neque
490 2625 609 2672 ergo
631 2608 795 2656 unitas
818 2608 925 2672 ipsa
947 2617 1024 2657 est
1055 2623 1306 2667 numerus,
1330 2607 1418 2656 sed
1447 2623 1525 2655 res
1555 2607 1655 2655 sive

139 2685 325 2748 species
347 2695 617 2736 numerata.

206 2775 285 2810 vl.
320 2761 518 2812 Certum
556 2764 706 2812 etiam
737 2771 829 2822 est,
861 2764 902 2812 si
934 2779 1166 2812 numerus
1203 2763 1449 2812 dividatur
1480 2762 1531 2809 in
1567 2777 1656 2809 sua

138 2854 254 2898 nna,
266 2848 388 2903 puta
410 2840 579 2890 decem
601 2857 692 2906 per
710 2841 879 2890 decem
896 2841 1062 2905 pedes,
1077 2857 1335 2889 nnmerum
1354 2840 1655 2904 quotientem

140 2932 244 2967 esse
266 2916 478 2982 pedum:
513 2927 566 2969 et
585 2927 847 2984 propterea
879 2920 1011 2969 idem
1043 2935 1150 2969 esse
1182 2920 1312 2968 inter
1334 2917 1655 2981 multiplican-
