1982 3204
453 274 526 308 An
554 269 806 309 canrsssn
835 274 1270 309 uamn'rmxns.
1454 263 1544 315 271

171 388 371 452 quitur:
405 394 557 453 atque
578 389 629 436 in
651 387 740 436 Ιιοι·
768 386 915 436 liberi
945 386 1149 435 arbitrii
1180 404 1271 434 non
1304 394 1439 435 recto
1460 404 1550 436 usu
1593 403 1788 430 omne-no

162 463 394 529 privatio
419 463 510 512 illa
535 464 660 512 inest
683 463 1019 528 quaesormam
1041 462 1233 510 erroris
1257 464 1528 511 constituit.

701 594 1026 628 RESPONSIO.

241 680 379 729 Nihil
401 680 466 729 ad
488 696 591 728 rem
614 681 793 728 attinet
811 695 1026 744 quaerere
1049 695 1112 727 an
1126 694 1238 734 vox,
1254 694 1434 742 magna
1458 678 1557 738 lus,

173 754 240 803 sit
273 756 668 819 argumentativa
703 771 874 814 necne,
898 754 1045 803 modo
1078 754 1142 802 sit
1172 753 1477 817 explicativa‚
1503 763 1560 802 ut

173 846 346 879 revera
368 839 456 879 est.
527 831 685 879 Nemo
709 831 839 878 enim
862 830 1019 878 nescit
1042 845 1130 893 per
1154 828 1308 877 lucem
1343 830 1394 876 in
1418 829 1559 877 intel-

175 905 306 955 lectu
349 906 555 970 intelligi
601 906 1000 970 perspicuitatem
1055 905 1366 968 cognitionis,
1412 921 1560 968 quam

175 980 306 1030 forte
329 997 430 1030 non
455 981 638 1029 habeut
662 997 831 1029 omnes
854 981 937 1044 qui
960 987 1137 1044 putant
1159 996 1210 1028 se
1234 980 1437 1028 habere:
1474 979 1561 1028 sed

174 1055 271 1105 hoc
291 1072 392 1104 non
415 1055 621 1119 impedit
644 1056 904 1120 quominus
929 1056 1070 1104 valde
1088 1055 1282 1103 diversa
1303 1055 1368 1103 sit
1390 1056 1454 1104 ab
1477 1056 1559 1103 ob·

175 1131 358 1180 stinata
390 1131 619 1195 opinione
652 1131 835 1194 absque
858 1130 1073 1179 evidenti
1107 1131 1425 1195 perceptione
1447 1147 1560 1180 con·

174 1214 366 1331 oepCtiim
383 1290 550 1330 autem
566 1282 646 1330 hic
665 1261 860 1341 dicitur,
875 1298 966 1330 nos
984 1283 1129 1330 rebus
1147 1282 1276 1331 clare
1293 1283 1562 1347 perspectis

173 1356 394 1406 volentes
416 1357 639 1406 nolentes
661 1358 902 1418 assentiri,
921 1358 1050 1406 idem
1069 1366 1143 1406 est
1165 1374 1224 1406 ac
1242 1358 1283 1405 si
1301 1357 1571 1417 diceretur,

174 1447 267 1481 nos
286 1432 473 1481 bonum
494 1433 624 1481 clare
647 1434 900 1497 cognitum
923 1433 1143 1482 volentes
1166 1433 1391 1481 nolentes
1413 1449 1564 1497 appe-

174 1514 297 1557 tere.
365 1507 580 1556 Verbum
605 1509 735 1557 enim
758 1508 974 1557 nolentes
996 1509 1047 1557 in
1082 1509 1261 1557 talibus
1283 1525 1384 1557 non
1414 1508 1563 1558 habet

176 1582 355 1644 locum,
379 1584 496 1648 quia
516 1584 736 1648 implicat
758 1600 850 1633 nos
873 1584 1003 1632 idem
1026 1584 1150 1632 velle
1172 1592 1223 1633 et
1245 1584 1391 1634 nolle.

663 1735 930 1769 OBJRCTIO
958 1736 1077 1769 xlv.

449 1835 524 1868 AD
549 1835 988 1869 ΜΕΒΙΤΑΤΙΟΝΕΜ
1018 1835 1297 1875 Qum'rAM.

432 1920 512 1968 De
534 1920 753 1968 essentia
776 1935 941 1968 rerum
964 1920 1309 1969 materialium.

187 2020 255 2070 Ut
277 2036 384 2068 cum
406 2019 623 2085 exempli
646 2036 816 2079 causa,
847 2019 1150 2085 triangulum
1181 2021 1443 2086 imaginor,
1466 2021 1565 2069 etsi

222 2096 464 2162 sortasse
486 2095 609 2144 talis
615 2096 800 2161 figura
825 2095 1003 2144 nullibi
1013 2096 1235 2161 gentium
1258 2103 1407 2145 extra
1430 2097 1564 2159 cogi·

244 2171 475 2220 tationem
498 2188 651 2219 meam
673 2171 863 2219 existat
884 2188 973 2220 nec
998 2188 1203 2236 anquam
1226 2172 1467 2232 extiterit,
1490 2178 1566 2220 est

244 2252 406 2296 tamen
434 2246 668 2311 perfecto
702 2246 1032 2295 determinata
1070 2247 1295 2312 quoedam
1333 2249 1440 2311 ejus
1475 2264 1565 2296 na-

245 2328 379 2379 tura,
414 2322 520 2369 sive
547 2322 783 2380 essentia,
811 2321 913 2370 sive
937 2321 1135 2386 forma,
1165 2322 1481 2371 immutabilis
1516 2328 1566 2370 et

246 2404 444 2455 eterna,
473 2413 583 2462 quoe
621 2414 654 2445 a
691 2414 766 2446 me
801 2413 895 2445 non
936 2397 1102 2460 efficta
1137 2405 1230 2454 est,
1265 2415 1354 2446 nec
1389 2415 1422 2447 a
1458 2414 1566 2446 mea

246 2478 404 2521 mente
425 2472 670 2538 dependet
684 2491 702 2520 .-
726 2478 780 2520 ut
793 2479 943 2537 patet
964 2489 1027 2521 ex
1050 2489 1108 2520 eo
1131 2473 1263 2537 quod
1271 2473 1469 2538 possint
1486 2473 1567 2521 de-

248 2548 516 2596 monstrari
544 2548 696 2597 tariae
716 2548 1067 2614 proprietates
1089 2548 1150 2596 de
1173 2549 1270 2597 isto
1294 2548 1564 2614 triangulo.

251 2647 305 2696 Si
327 2646 627 2711 triangulum
650 2648 822 2696 nullibi
844 2649 1066 2712 gentium
1087 2648 1279 2707 existat,
1303 2664 1403 2697 non
1425 2647 1568 2696 iutel-

184 2722 286 2787 ligo
310 2722 556 2786 quomodo
578 2731 806 2772 naturam
822 2724 1033 2788 aliquam
1055 2723 1263 2772 habeat:
1288 2723 1421 2787 quod
1437 2723 1568 2770 enim

184 2797 358 2847 nullibi
380 2804 472 2856 est,
493 2813 595 2847 non
612 2806 712 2848 est:
734 2815 893 2863 neque
915 2815 1034 2863 ergo
1056 2798 1205 2847 habet
1227 2815 1353 2858 esse,
1375 2814 1461 2846 seu
1484 2813 1566 2845 na·

185 2880 349 2923 turam
380 2872 607 2937 aliquam.
674 2874 992 2938 Triangulum
1029 2874 1081 2922 in
1117 2881 1282 2923 mente
1312 2874 1468 2923 oritur
1506 2887 1568 2920 ex

1667 457 1755 483 1111.

1605 502 1795 526 s-qd
