1982 3204
496 268 568 303 Αυ
594 240 848 303 οΑιιτκείι
874 268 1310 302 ussmTAnoNsss.
1494 261 1588 304 265

207 378 389 429 stantia
409 378 476 427 sit
497 380 653 443 magis
676 395 754 428 res
778 395 924 443 quam
950 377 1146 427 modus:
1181 387 1327 442 atque
1351 379 1391 426 si
1415 379 1592 429 dentur
1645 398 1841 425 ousae-no

206 454 467 518 qualitates
507 455 660 503 reales
695 455 771 503 vel
807 453 1092 503 substantiae
1129 453 1454 517 incompletae,
1478 464 1594 504 sunt
1717 452 1772 478 ¹¹·
1825 498 1834 509 ,

206 530 363 594 magis
384 546 461 578 res
484 546 630 594 quam
654 530 801 588 modi,
825 529 911 578 sed
946 529 1105 577 minus
1136 544 1283 593 quam
1307 530 1593 579 substantiae

206 605 488 669 completae:
523 622 580 653 ac
604 606 829 670 denique,
855 605 894 653 si
919 604 1063 653 detur
1090 604 1365 653 substantia
1403 605 1594 673 infigita

207 687 259 728 et
280 680 628 745 independens,
643 689 718 729 est
741 681 896 745 magis
919 696 999 728 res
1016 695 1160 744 quam
1184 679 1320 727 finita
1345 688 1397 727 et
1415 680 1594 744 depen-

207 754 343 804 dens.
416 757 636 821 Haecque
660 757 823 805 omnia
845 771 933 820 per
957 771 1008 804 se
1032 763 1146 803 sunt
1169 755 1437 803 notissima.

721 922 989 956 OBJECTIO
1015 923 1070 955 X.

204 1014 387 1081 Itaque
407 1014 519 1063 sola
541 1021 701 1063 restat
737 1016 849 1064 idea
884 1016 988 1064 Dei
1002 1034 1019 1064 .·
1055 1015 1106 1064 in
1143 1033 1238 1081 qua
1279 1015 1596 1064 conssideran-

270 1091 383 1140 dum
404 1096 496 1147 est,
520 1107 586 1138 an
607 1089 805 1155 aliquid
821 1091 891 1139 sit
926 1091 1062 1156 quod
1081 1107 1114 1139 a
1137 1108 1212 1139 me
1248 1091 1359 1156 ipso
1384 1107 1477 1138 non
1506 1107 1596 1155 po-

269 1165 422 1214 tuerit
433 1165 708 1230 proficisci.
780 1166 883 1214 Dei
905 1167 1095 1214 nomine
1117 1165 1342 1232 intelligo
1364 1165 1595 1214 substan-

268 1241 390 1289 tiam
412 1239 659 1305 'quandam
682 1240 939 1304 irfinitam,
976 1241 1391 1306 independentem,
1414 1257 1596 1289 summe

268 1314 637 1380 intelligentem,
654 1332 833 1364 summe
847 1322 1115 1381 potentem,
1134 1323 1183 1364 et
1206 1333 1238 1364 a
1262 1333 1363 1382 qua
1387 1322 1484 1364 tum
1499 1332 1594 1381 ego

269 1391 396 1456 ipse,
422 1397 520 1438 tum
551 1390 698 1439 aliud
715 1408 865 1447 omne,
889 1392 937 1439 εἰ
958 1392 1081 1456 quid
1113 1391 1260 1440 aliud
1290 1391 1496 1450 existat,
1517 1393 1596 1439 eet

269 1473 506 1515 creatum.
578 1466 694 1523 Quae
724 1483 845 1514 sane
879 1467 1036 1515 omnicz
1075 1466 1206 1515 talia
1244 1473 1372 1525 sunt,
1409 1472 1464 1514 ut
1502 1481 1593 1529 quo

268 1541 559 1607 diligentius
588 1542 808 1600 attendo,
833 1548 970 1590 tanto
1003 1542 1161 1590 minus
1184 1558 1216 1589 a
1240 1558 1315 1589 me
1337 1540 1442 1589 solo
1468 1557 1594 1606 pro-

247 1617 406 1682 secta
454 1633 564 1665 esse
614 1617 874 1665 videantur
897 1635 908 1664 :
962 1617 1168 1681 ideoque
1218 1633 1281 1664 ex
1325 1615 1594 1664 antedictis

266 1691 425 1741 Deum
447 1693 725 1741 necessario
748 1692 967 1741 existere
989 1699 1065 1740 est
1087 1691 1483 1741 concludendum.

268 1801 596 1851 Considerans
631 1802 869 1850 attributa
905 1801 1013 1860 Dei,
1050 1809 1107 1849 ut
1148 1801 1241 1850 Dei
1277 1800 1439 1848 ideam
1477 1799 1594 1848 inde

201 1876 481 1935 habeamus,
500 1886 551 1926 et
574 1887 631 1925 ut
648 1877 896 1925 videamus
914 1893 977 1924 an
1000 1876 1050 1924 in
1069 1876 1152 1924 illa
1169 1876 1355 1940 aliquid
1378 1876 1442 1924 sit
1461 1874 1594 1940 quod

201 1969 235 2002 a
253 1953 397 2002 nobis
420 1953 537 2016 ipsis
560 1968 659 2000 non
676 1952 894 2016 potuerit
917 1952 1176 2015 proficisci,
1194 1951 1407 2009 invenio,
1431 1950 1483 1998 ni
1505 1949 1592 1998 fal-

200 2027 292 2088 lor,
332 2044 491 2092 neque
523 2045 552 2076 a
579 2028 720 2076 nobis
756 2028 1001 2091 proficisci
1035 2044 1145 2091 quae
1180 2026 1245 2075 ad
1279 2042 1461 2075 nomen
1500 2025 1594 2073 Dei

201 2104 490 2167 cogitamus,
514 2119 673 2167 neque
698 2118 802 2151 esse
835 2102 1162 2151 necessarium
1197 2110 1256 2150 ut
1277 2102 1592 2166 proficiscan-

200 2186 284 2228 tm·
305 2179 502 2228 aliunde
525 2195 670 2243 quam
693 2179 755 2226 ab
792 2178 998 2242 objectis
1035 2179 1267 2226 externis.
1338 2178 1468 2225 Nam
1498 2175 1593 2224 Dei

198 2255 398 2304 nomine
444 2254 667 2318 intelligo
711 2252 1033 2301 substantiam
1051 2271 1071 2308 ,·
1104 2253 1199 2301 hoc
1237 2260 1328 2311 est,
1369 2251 1592 2315 intelligo

199 2330 359 2380 Deum
383 2330 609 2388 existere,
633 2346 732 2378 non
751 2344 841 2393 per
859 2328 1038 2387 ideam,
1063 2327 1150 2376 sed
1174 2343 1263 2392 per
1286 2327 1591 2376 ratiocinati-

200 2421 377 2461 onem;
412 2405 667 2468 ivfinitam,
691 2404 786 2453 hoc
809 2411 883 2452 est
907 2403 1038 2467 quod
1062 2419 1161 2452 non
1191 2419 1392 2467 possum
1428 2402 1593 2451 conci-

200 2496 318 2545 pere
339 2497 498 2545 neque
522 2480 778 2544 imaginari
796 2480 1033 2528 terminos
1056 2480 1161 2543 ejus
1185 2479 1286 2527 sive
1319 2486 1485 2543 partes
1508 2492 1592 2525 ex-

0 2598 17 2623 t,
199 2566 399 2614 tremas,
438 2556 556 2619 quin
597 2556 758 2604 adhuc
797 2555 980 2619 possim
1020 2554 1278 2618 imaginari
1318 2553 1590 2602 ulteriores,

0 2624 17 2688 Ξ
199 2631 276 2680 Ex
298 2646 396 2694 qno
419 2631 639 2694 sequitur
662 2630 727 2679 ad
749 2646 930 2679 nomen
955 2629 1136 2692 irfiniti
1168 2645 1267 2678 non
1291 2629 1409 2677 oriri
1432 2627 1590 2676 ideam

0 2700 15 2765 ξ
198 2705 457 2755 infinitatis
493 2705 688 2764 divinae,
722 2705 809 2754 sed
845 2721 1065 2753 meorum
1100 2704 1253 2768 ipsius
1286 2704 1454 2752 finium
1492 2702 1592 2750 sive

0 2773 4 2797 ÷
199 2780 425 2829 limitum.
497 2780 926 2846 Independentem,
966 2781 1062 2829 hoc
1101 2787 1192 2838 est,
1228 2795 1327 2828 non
1368 2776 1592 2840 concipio

199 2871 397 2904 causam
419 2871 480 2903 ex
503 2871 599 2919 qua
626 2856 757 2905 Deus
780 2858 986 2906 oriatur.
