1982 3204
597 314 847 350 cxxsunA
874 314 1092 349 muzus.
1474 311 1537 355 83

155 424 611 474 wollin—Grave
651 426 931 474 tantudem
977 426 1228 475 descendit
1262 437 1444 493 quanto
1463 433 1536 493 fit
1553 452 1811 480 raonxxvm.

156 505 305 547 terrae
320 507 489 548 centro
499 502 726 567 propius,
738 502 968 567 gravium
983 502 1242 550 descensus
1248 505 1424 569 pollet,
1441 517 1534 555 etc.
1586 499 1774 521 *w

155 574 341 623 Vitium
384 576 590 640 denique
631 577 1125 626 demonstrationibus
1165 580 1270 641 eJ‘us
1310 576 1534 631 omnibus

154 665 413 699 commune
430 661 504 700 est
522 653 806 706 obscuritas,
826 668 923 700 non
944 652 1054 701 dico
1074 663 1277 717 propter
1299 658 1532 718 symbola,

155 725 240 774 sed
264 735 464 790 propter
486 743 759 775 sermonem
783 728 957 791 ipsum.

222 801 344 849 Item
363 810 563 865 propter
579 803 756 866 ubique
780 803 1077 852 inculcatum
1093 805 1289 853 coeteris
1304 807 1532 870 paribus,

154 875 427 925 doctrinam
451 893 587 925 suam
618 878 808 941 redegit
835 886 989 927 totam
1013 879 1074 927 ad
1101 881 1227 928 hane
1248 898 1395 929 unam
1420 896 1532 946 prm

152 952 459 1016 positionem,
495 952 560 1000 Ut
582 959 659 1001 est
685 960 699 1002 l
726 954 800 1002 ad
826 961 866 1013 1,
886 955 959 1003 ita
979 962 1055 1003 est
1074 962 1103 1004 2
1120 957 1193 1004 ad
1202 963 1248 1015 2,
1272 964 1320 1004 et
1343 963 1373 1005 3
1398 960 1469 1007 ad
1485 967 1531 1018 3,

152 1032 203 1074 et
225 1032 306 1075 m3
327 1027 402 1075 ad
421 1035 501 1075 m3
527 1036 620 1076 eto.

218 1101 340 1150 Item
364 1102 653 1166 interposito
670 1104 850 1168 ubique
874 1106 1077 1153 mutatis
1097 1107 1356 1164 mutandis,
1377 1115 1532 1156 trans-

148 1175 244 1225 fert
266 1178 430 1225 omnia
452 1194 483 1226 a
505 1179 720 1242 pondere
744 1180 808 1228 ad
824 1181 920 1228 vim
945 1182 996 1229 in
1019 1197 1213 1245 genere.
1262 1183 1532 1232 Prudenter

149 1250 260 1300 hoc.
327 1252 464 1300 Nihil
500 1254 631 1301 enim
671 1262 772 1303 tam
809 1255 984 1304 falsum
1028 1266 1118 1313 est,
1155 1258 1285 1321 quod
1331 1260 1530 1307 mutatis

148 1327 397 1376 mutandis
420 1344 519 1376 non
552 1330 640 1377 fiat
660 1346 846 1379 verum.
917 1332 974 1380 In
1011 1333 1343 1396 propositione
1378 1335 1530 1383 totius

149 1401 261 1451 libri
277 1403 465 1461 ultima,
480 1404 635 1453 videri
650 1406 753 1454 vult
772 1407 1044 1471 intelligere
1059 1408 1380 1456 differentiam
1402 1410 1532 1457 inter
1560 1417 1567 1421 ²

148 1475 329 1526 libram
342 1486 394 1527 et
411 1485 667 1538 stateram,
683 1497 792 1544 quae
810 1483 943 1531 nulla
962 1493 1058 1539 est;
1078 1484 1172 1532 nisi
1189 1485 1319 1548 quod
1336 1492 1531 1534 statera

147 1551 228 1611 sit,
243 1553 294 1601 in
312 1554 669 1603 examinatione
682 1556 969 1619 ponderum,
984 1559 1161 1607 abusus
1175 1559 1371 1623 quidam
1386 1560 1531 1608 libroe

147 1628 423 1691 compendii
463 1646 610 1678 causa
645 1631 912 1680 tolerabilis
951 1634 1002 1681 in
1038 1634 1392 1697 ponderatione
1427 1651 1529 1683 ear-

147 1703 300 1763 nium,
324 1712 374 1752 et
397 1705 602 1754 aliarum
635 1722 798 1755 rerum
834 1724 934 1756 non
966 1711 1131 1772 magni
1155 1710 1323 1773 pretii;
1359 1711 1410 1758 in
1433 1727 1530 1774 qua

145 1779 516 1843 ponderatione,
540 1783 783 1846 particula
816 1784 1003 1832 brachii
1030 1785 1161 1833 ultra
1182 1785 1375 1849 pondus
1396 1802 1529 1834 com-

146 1870 293 1904 mune
329 1872 609 1916 excurrenS,
646 1860 948 1923 emptoribus
984 1860 1338 1924 aliquantulum
1373 1861 1526 1921 addit,

145 1931 277 1996 quod
299 1933 548 1980 nesciebat
571 1932 669 1981 ille.

211 2006 401 2055 Octava
420 2007 506 2056 illa
526 2009 797 2072 propositio
814 2009 987 2073 capitis
1011 2010 1171 2074 primi,
1187 2027 1333 2074 quam
1355 2011 1528 2060 falsam

145 2096 251 2130 esse
273 2090 523 2131 ostensum
550 2091 624 2131 est
653 2099 741 2132 suo
764 2084 890 2142 loco,
914 2085 1084 2133 infecit
1106 2102 1138 2134 x
1161 2094 1209 2134 et
1232 2087 1331 2134 xvii
1354 2088 1528 2151 capitis

145 2156 379 2220 eiusdem.
430 2157 522 2206 Hae
545 2166 644 2206 tres
666 2159 940 2208 infecerunt
963 2161 1027 2219 vi,
1051 2178 1164 2218 xxV,
1188 2162 1336 2221 xxvii,
1361 2163 1525 2221 xxviii,

143 2231 278 2290 xxix,
299 2248 414 2290 xxx,
436 2233 568 2290 xxxi,
591 2234 741 2292 xxxii,
759 2235 927 2293 xxxiii,
944 2236 1091 2284 xxxiv
1109 2237 1282 2299 capitis
1306 2237 1524 2286 secundi.

146 2306 241 2356 Hae
263 2323 431 2356 rursus
453 2307 727 2357 infecerunt
749 2309 814 2367 iv,
827 2326 874 2366 v,
891 2326 939 2370 x,
958 2311 1042 2370 xii,
1060 2311 1162 2370 xiii,
1177 2312 1275 2371 xvi,
1293 2313 1427 2371 xviii,
1445 2329 1526 2369 xx,

143 2397 244 2430 xxv
264 2382 437 2446 eapitis
460 2384 610 2432 tertii.

212 2457 360 2508 Quod
393 2467 558 2507 autem
594 2460 951 2523 propositiones
982 2461 1100 2524 ipsae
1131 2461 1304 2524 eapitis
1337 2462 1390 2510 iii
1423 2462 1526 2511 fere

144 2547 313 2582 omnes
351 2534 466 2595 (nisi
499 2545 738 2599 quatenus
772 2552 873 2584 non
913 2546 1046 2584 recte
1083 2537 1354 2585 enunciatae
1388 2542 1522 2594 sunt)

145 2608 355 2672 eognitae
366 2610 585 2659 veritatis
603 2611 718 2669 sint,
731 2626 833 2659 non
850 2611 978 2659 illius
997 2611 1083 2660 sed
1101 2612 1306 2660 aliorum
1323 2612 1529 2660 debetur

145 2680 652 2733 demonstrationibus.
724 2685 896 2749 Itaque
916 2703 1025 2750 quae
1049 2687 1283 2735 hactenus
1307 2687 1367 2735 de
1391 2697 1526 2735 motu

145 2755 315 2815 edidit,
335 2758 513 2807 nullius
535 2761 680 2824 pretii
699 2776 803 2808 esse
821 2777 1020 2809 censeo:
1046 2777 1205 2825 neque
1225 2762 1528 2810 animadver-

146 2831 283 2879 sione
306 2831 468 2896 digna,
502 2835 611 2894 nisi,
641 2835 755 2898 quia
788 2835 1082 2884 videbuntur
1107 2837 1313 2884 fortasse
1346 2837 1525 2885 exteris

144 2921 259 2970 pars
301 2907 465 2971 aliqua
503 2925 610 2959 esse
648 2910 971 2975 philosophiae
1015 2910 1323 2968 oxoniensis,
1365 2927 1526 2975 operae

1316 3000 1348 3033 G
1375 2999 1395 3026 *Ξ
