1982 3204
326 231 421 274 392
886 244 1152 277 nisTonlA

379 349 483 392 Non
503 349 743 394 inconsulta
762 354 1061 396 commoditate
1082 370 1169 396 sua.

324 415 409 459 Sed
430 416 465 458 si
486 417 582 472 quis
601 418 747 468 laicus,
769 434 855 461 non
875 420 970 462 dico
991 420 1156 462 laescrat
1175 420 1283 470 illos,

382 481 466 525 Sed
487 483 534 532 si,
557 484 672 538 quod
691 484 852 535 dicunt,
874 486 1012 528 dicere
1033 486 1140 528 nolit
1160 486 1271 528 idem
1288 502 1298 527 ε
1606 494 1717 534 1610

322 553 349 572 “
370 548 475 599 Ure,
499 549 628 600 Ure'',
651 551 903 602 exclamant,
926 560 970 594 et
990 552 1279 594 vociferantur
1298 551 1351 594 ad
1372 553 1528 611 ignem,

380 614 622 657 Mortemve
643 624 842 666 atrocem,
865 617 900 658 si
922 632 1007 671 qua
1027 617 1095 667 sit,
1117 617 1215 673 igne
1235 618 1382 675 magis.

326 679 366 723 O
391 679 550 731 Sancti,
571 682 650 724 soli
670 683 746 738 qui
770 682 916 726 Sancti
938 683 1068 726 vultis
1089 683 1249 734 haberi,

379 745 662 790 Commendat
682 749 802 791 vobis
823 749 1086 792 saevitiemne
1107 749 1258 792 Deus?

323 811 429 854 Non
450 820 594 856 tamen
614 814 775 871 ingenii
795 823 896 858 sunt
916 816 1019 867 haec,
1042 817 1114 859 sed
1135 816 1248 859 facta
1267 816 1496 861 timentum

381 878 490 932 Quae
507 882 769 923 conabantur
789 897 842 924 ne
863 882 1076 938 patefacta
1095 882 1247 925 forent.

320 943 376 986 In
397 946 600 1002 populum
621 947 796 1002 laqueos
816 948 1039 1004 pluerant:
1073 949 1252 1004 ideoque
1274 949 1523 1003 timendum,

382 1011 428 1054 Si
449 1013 630 1069 populus
651 1014 790 1065 sciret,
812 1030 865 1057 ne
886 1015 1052 1071 plueret
1071 1015 1243 1072 lapides.

321 1076 514 1121 Crimina
534 1079 782 1123 criminibus
803 1081 996 1124 celantur
1015 1082 1152 1138 prima
1171 1083 1365 1125 secundis
1381 1099 1391 1134 3

379 1144 547 1187 Ultima
567 1146 639 1188 sed
661 1147 833 1189 tandem
854 1163 938 1190 non
960 1148 1042 1191 erit
1062 1149 1175 1191 unde
1196 1156 1358 1206 tegant.
1604 1156 1715 1195 1620

320 1209 490 1266 Nempe
515 1211 728 1254 Lutherus
749 1213 842 1263 erit,
865 1213 941 1268 qui
960 1214 1130 1257 fraudes
1150 1215 1322 1272 deteget
1341 1231 1510 1259 omnes:

377 1277 439 1319 Et
459 1277 599 1333 Papas
620 1277 746 1320 feriet
765 1278 945 1322 fulmine
969 1278 1191 1323 Saxonico.

320 1343 516 1386 Ambitio
537 1343 581 1385 in
602 1344 751 1401 longos
773 1360 943 1400 perraro
964 1346 1168 1402 prospicit
1187 1362 1331 1398 annos,

379 1408 667 1463 Quantumvis
687 1425 870 1466 praesens
891 1411 996 1454 utile
1016 1418 1141 1454 acuta
1161 1412 1292 1455 videt.

320 1475 417 1518 Nec
438 1491 514 1518 sua
534 1475 783 1533 Philosophi
804 1477 1033 1521 credebant
1053 1494 1174 1534 posse
1194 1479 1331 1522 refelli

378 1540 420 1581 A
442 1539 559 1583 laicis
581 1557 769 1597 unquam
790 1544 990 1601 dogmata
1009 1545 1134 1587 docta
1154 1545 1268 1589 viris.

319 1605 404 1648 His
425 1606 526 1662 quia
546 1609 808 1664 temporibus
830 1612 1062 1653 turbabant
1084 1612 1141 1652 M
1138 1612 1406 1663 oanothelitoe‚

378 1671 490 1716 Cum
513 1673 675 1717 Christi
696 1684 890 1719 sanctum
910 1677 1279 1732 distraherentque
1305 1693 1501 1736 gregem:

319 1737 533 1795 Principis
553 1739 718 1796 injussu
738 1748 843 1785 tunc
863 1742 1047 1798 primum
1069 1742 1189 1799 Papa
1208 1743 1389 1794 vocavit,

378 1804 519 1861 Ipsius
540 1806 730 1857 arbitrio,
754 1807 1021 1851 Catholicam
1045 1808 1281 1866 Synodum.
1603 1815 1714 1855 1630

320 1869 554 1926 Coeperunt
575 1887 695 1928 reges
716 1881 821 1916 tunc
841 1875 1024 1930 primum
1046 1890 1168 1931 posse
1188 1875 1331 1931 putari

377 1936 607 1980 Haeretici:
641 1946 685 1981 et
705 1939 870 1982 vinctos
890 1940 1057 1997 legibus
1077 1956 1168 1983 esse
1191 1941 1369 1985 Scholae.

318 2005 403 2045 Sec.
437 2003 629 2060 Legibus
650 2021 739 2048 esse
765 2005 929 2049 Scholae
950 2008 1163 2063 subjectos
1183 2023 1269 2050 non
1289 2015 1394 2064 puto
1414 2023 1561 2066 reges:

378 2067 602 2126 Subjectos
623 2072 734 2114 nosti
755 2073 921 2129 legibus
937 2089 1026 2116 esse
1044 2074 1137 2116 Dei.

318 2135 398 2177 Pr.
431 2135 526 2178 Lex
547 2137 692 2180 divina
712 2138 818 2180 nihil
838 2139 890 2182 de
910 2140 1037 2197 nugis
1058 2140 1250 2183 continet
1269 2141 1384 2183 istis:

375 2200 491 2243 Nam
512 2202 583 2244 lex
603 2203 695 2246 haec
715 2204 791 2246 lux
811 2213 889 2255 est,
906 2213 1022 2248 recta
1045 2207 1235 2262 jubendo
1255 2207 1423 2250 docens.

320 2266 404 2310 Sed
425 2268 710 2311 doctrinarum
733 2272 929 2314 tenebras
950 2271 1024 2314 has
1044 2287 1122 2314 nec
1143 2272 1259 2315 videt
1278 2272 1368 2329 ipse

376 2333 637 2377 Umbrarum
658 2336 865 2386 dominus,
889 2337 963 2393 qui
984 2337 1074 2380 sine
1094 2338 1188 2380 luce
1208 2338 1336 2381 videt.

317 2399 440 2443 Mille
461 2401 704 2444 voluntates
724 2402 852 2445 habet
873 2419 996 2453 unus,
1018 2404 1121 2446 dum
1142 2404 1266 2446 modo
1287 2405 1382 2447 vult
1401 2404 1494 2455 hoc,

374 2465 542 2509 Deinde
563 2467 703 2510 aliud:
738 2469 911 2519 nullam,
933 2470 968 2511 si
990 2469 1096 2511 nihil
1116 2477 1250 2526 optat,
1279 2470 1421 2514 habet.
1599 2475 1710 2515 1640

316 2531 515 2576 Christus
535 2532 595 2575 ait
616 2533 739 2584 clare,
763 2539 790 2558 “
814 2534 970 2577 Sumus
991 2551 1116 2586 unus,
1138 2534 1319 2592 Egoque
1342 2537 1579 2594 Paterque'’
1593 2554 1624 2583 ε.

375 2598 510 2641 Visne
531 2599 771 2643 voluntates
791 2600 918 2643 unius
949 2616 1038 2644 esse
1058 2601 1196 2644 duas?

317 2664 428 2708 Haec
448 2674 735 2722 provenerunt
755 2668 807 2709 ab
829 2667 943 2709 inani
966 2667 1230 2724 philosophia

375 2731 594 2788 Temporis
613 2732 739 2783 illius,
762 2749 890 2788 quam
911 2733 1078 2776 coluere
1099 2734 1261 2777 Patres.

315 2797 517 2853 Namque
538 2799 689 2842 animae
710 2799 890 2856 lepidam
913 2801 1142 2843 narrabant
1161 2802 1435 2846 oeconomiam

374 2864 467 2907 Illis
490 2866 750 2923 temporibus
770 2866 1008 2923 philosophi
1030 2874 1219 2910 veteres:
