1982 3204
472 296 529 329 m
559 295 858 330 mansuum
888 295 1277 329 BAuAsricni.
1483 287 1579 331 313

185 420 369 464 muros»,
394 414 580 454 tectum
604 415 725 454 etc.:
761 405 937 470 quibus
961 405 1130 453 similis
1165 412 1241 452 est
1268 404 1429 452 avium
1455 406 1580 454 nidi·

184 482 367 530 ficatio.
442 482 604 544 Hujus
641 491 807 529 autem
845 481 1123 544 exemplum
1157 490 1235 527 est
1274 496 1529 543 processus
1551 498 1582 529 a

187 557 489 621 cogitatione
512 557 681 604 formae
706 556 880 604 domus
914 556 978 604 ad
1013 555 1365 619 cogitationem
1398 556 1495 604 loci
1529 557 1580 604 in

184 648 286 696 quo
310 632 622 681 aedificanda:
659 632 883 696 sequitur
914 632 1134 680 materiae
1157 647 1216 679 eo
1240 630 1336 679 loci
1359 647 1583 695 compor-

189 708 314 757 tatio
335 716 430 756 etc.
452 725 463 755 :
486 723 593 771 qum
611 716 860 770 utcunque
879 715 1040 755 essent
1057 707 1108 754 in
1126 706 1313 764 avibus,
1334 707 1375 754 si
1393 723 1423 754 a
1440 707 1584 770 pullis

188 798 279 848 per
303 800 410 840 ova,
434 783 623 840 nidum,
639 792 690 831 et
713 784 967 831 materiam
991 782 1054 830 ad
1078 783 1238 830 locum
1260 791 1584 841 recurrerent,

188 867 242 908 et
264 859 561 923 analyticam
584 867 885 907 exercerent.

259 935 383 983 Haec
416 943 582 982 autem
617 935 984 982 reminiscentia
1019 933 1293 981 mediorum
1325 931 1390 981 ad
1419 934 1586 992 finem,

188 1025 282 1058 ars
320 1009 517 1067 dicitur,
559 1010 600 1057 si
639 1010 831 1073 quoties
868 1011 1017 1058 finem
1053 1009 1398 1073 imaginamur,
1437 1009 1587 1057 toties

188 1085 401 1134 eundem
437 1084 711 1133 mediorum
747 1086 971 1134 ordinem
1005 1094 1259 1149 percurrat
1283 1085 1588 1148 imaginatio,

187 1159 550 1225 progrediendo
575 1177 605 1208 a
629 1177 777 1209 causa
799 1161 863 1209 ad
885 1162 1136 1215 effectum;
1161 1170 1213 1208 et
1235 1160 1445 1208 scientia
1469 1177 1588 1208 cau-

189 1251 376 1291 sarum,
401 1252 512 1284 cum
536 1236 593 1284 fit
616 1251 872 1299 processus
895 1237 956 1284 ab
982 1236 1171 1284 effectis
1194 1235 1258 1284 ad
1281 1251 1496 1284 causam.

258 1311 311 1360 Si
340 1311 410 1359 rei
447 1312 592 1359 unius
622 1311 687 1359 ad
718 1311 900 1359 alium*
934 1319 983 1359 et
1015 1318 1219 1359 eventus
1249 1310 1313 1359 ad
1354 1319 1588 1360 eventum

189 1387 529 1444 successionis,
554 1386 657 1434 sive
680 1386 1020 1435 antecedentis
1044 1395 1094 1435 et
1117 1387 1483 1451 consequentiS,
1498 1385 1587 1435 ad*-

189 1461 256 1509 sit
278 1462 532 1519 memoria,
557 1460 739 1510 dicitur
761 1463 1175 1527 experimentum3
1198 1478 1260 1510 ex
1274 1478 1372 1526 quo
1388 1463 1461 1510 si*
1478 1463 1589 1527 quis

189 1545 421 1585 eventum
456 1537 664 1586 similem
696 1537 868 1586 videns
896 1538 1094 1586 eventui
1124 1538 1394 1602 praeterito,
1418 1538 1591 1587 credat

189 1628 384 1677 quoque
403 1613 611 1661 similem
631 1614 860 1661 effectum
884 1621 1183 1672 secuturum,
1202 1614 1281 1661 vel
1299 1621 1446 1661 antea
1463 1629 1589 1677 prae-

190 1687 381 1736 teriisse
404 1688 612 1736 similem
630 1689 676 1736 ei
694 1705 839 1752 quem
863 1698 1159 1753 praesentem
1176 1689 1328 1738 videt.
1364 1689 1591 1753 Exempli

190 1763 366 1826 gratia,
392 1765 476 1827 qui
510 1765 692 1812 nubem
719 1765 921 1813 densam
946 1774 995 1813 et
1029 1766 1223 1830 nigram
1245 1765 1399 1822 videt,
1417 1781 1592 1829 expec-

190 1838 318 1887 tabit
341 1839 573 1902 pluviam,
598 1840 729 1903 quod
758 1841 895 1904 prius
917 1841 1096 1889 viderit
1125 1841 1341 1905 pluviam
1372 1849 1590 1889 secutam

190 1913 364 1962 fuisse:
399 1915 477 1962 vel
500 1931 561 1963 ex
584 1918 687 1963 visa
714 1916 880 1979 pluvia
911 1917 1092 1964 nubem
1125 1917 1258 1965 illam
1281 1916 1592 1981 praecessisse

190 1989 339 2048 dicet,
358 1990 473 2054 quia
491 1992 627 2054 prius
646 1991 717 2039 ita
734 1992 1000 2055 contigisse
1018 1993 1257 2041 meminit.
1307 1991 1441 2041 Quid
1458 1991 1591 2039 enim

192 2064 327 2113 aliud
363 2075 440 2114 est
476 2066 631 2114 futuri
666 2067 970 2131 imaginatio,
995 2084 1141 2132 quam
1171 2067 1428 2132 praeteriti,
1452 2067 1594 2130 cujus

192 2141 413 2190 ordinem
436 2158 550 2190 cum
568 2144 798 2206 praesenti
819 2160 1098 2192 connexum
1121 2144 1353 2208 fingimus
1373 2142 1452 2191 vel
1476 2157 1592 2205 sup-

192 2217 437 2280 ponimus,
462 2218 701 2266 sumendo
726 2219 909 2267 similes
933 2227 1152 2278 eventus,
1176 2234 1354 2283 nempe
1375 2232 1593 2282 primen-

193 2299 294 2340 tem
321 2300 374 2340 et
395 2294 719 2357 praeteritum‚
755 2310 855 2342 non
879 2302 935 2343 ut
959 2294 1158 2353 similes,
1177 2294 1263 2343 sed
1292 2300 1350 2342 ut
1379 2292 1591 2342 eundem

193 2368 429 2416 numero?
503 2369 646 2418 Unde
680 2371 739 2418 fit
766 2379 822 2418 ut
853 2379 1057 2418 eventus
1089 2370 1172 2433 qui
1202 2385 1375 2418 revera
1405 2383 1592 2432 praece-

194 2440 392 2490 dentem
409 2445 687 2502 antecessit,
708 2445 1044 2509 suppositione
1067 2445 1405 2508 fictitioneque
1421 2452 1594 2492 nostra

196 2516 334 2579 sequi
356 2517 596 2567 videatur.
641 2519 894 2583 Quidquid
918 2529 1083 2569 autem
1106 2519 1339 2584 praesenti
1360 2517 1593 2582 supponi-

195 2590 529 2654 tnr‚suturum
551 2595 839 2658 appellatur.

200 2681 207 2706 .·
266 2664 335 2713 Ut
373 2675 540 2716 autem
583 2670 1034 2734 experimentorum
1082 2670 1319 2718 memoria
1364 2677 1590 2733 respectu

827 2872 849 2893 ⁹
872 2870 950 2909 Sic.
