1982 3204
268 1100 269 1103 ,
325 1085 393 1106 non
407 1079 649 1117 componuntur
658 1085 795 1117 corpora
803 1079 898 1106 extra
909 1074 1063 1113 animum,

271 222 418 271 xxxvi

317 349 385 371 non
402 337 588 382 penetrabit
599 339 660 382 per
672 338 974 382 perpendicularem
989 338 1054 370 nisi

317 381 632 432 perpendiculariter
644 381 777 415 incidat.
792 382 814 414 i.
830 385 905 415 275.

318 425 495 458 durissima
514 430 547 458 et
572 430 690 464 erecta,
711 425 766 457 vix
792 430 902 457 tamen
926 424 1054 464 stantia,

319 469 462 501 violento
484 468 554 500 ictu
575 468 703 501 facilius
717 468 942 512 pei-frigantur
957 479 1055 511 quam

321 512 528 555 dejiciantur,
545 522 656 561 quare.
671 511 694 545 i.
709 516 782 544 282.

321 555 357 587 in
370 566 489 597 magna
501 555 695 597 obliquitate
707 556 862 599 projecta,
877 554 1055 587 incidentia

321 599 358 630 in
372 609 500 640 aquam,
524 609 624 641 quare
649 598 689 630 ab
704 609 789 641 aqua
808 598 843 630 in
859 609 967 631 aerem
980 609 1055 630 rur-

323 652 396 674 sum
411 641 614 684 rejiciuntur.
630 641 651 674 i.
668 645 741 674 308.

322 695 390 717 ιιοιι
405 684 515 716 omnia
529 690 606 717 sunt
620 695 717 717 sensu
732 685 879 728 praedita.
895 684 915 717 i.
934 689 1006 716 320.

322 738 498 771 corporum
523 727 588 760 tria
610 733 687 760 sunt
710 739 840 770 genera,
856 728 965 767 fluida,
981 738 1058 760 con-

325 771 484 810 sistentia,
496 777 530 804 et
544 782 586 803 ex
602 771 654 803 his
670 771 783 804 mixta.
799 772 820 803 i.
836 775 908 804 347.

325 825 423 847 omne
439 814 527 857 quod
542 815 701 857 generari,
714 815 765 847 vel
781 815 923 857 aliquam
939 814 1060 846 habere

323 857 559 901 proprietatem
592 858 734 900 intelligi
763 863 880 901 potest,
916 858 1061 901 philoso-

324 901 414 944 phiae
427 901 610 944 subjectum
626 906 685 933 est.
700 901 722 934 i.
739 905 768 934 9.

325 955 500 987 corporum
534 944 599 976 duo
637 944 731 987 quasi
768 955 894 976 summa
931 955 1061 986 genera,

325 999 428 1020 unum
444 987 532 1030 quod
555 987 738 1030 appellatur
752 990 900 1027 naturale,
923 987 1062 1020 alterum

329 1031 418 1074 quod
433 1033 539 1062 civitas
553 1030 749 1063 nominatur.
765 1031 786 1063 i.
806 1035 854 1063 10.

327 1117 444 1150 eodem
459 1117 557 1149 modo
572 1127 637 1159 quo
652 1117 794 1149 nomina.
806 1117 827 1150 i.
843 1121 894 1150 22.

271 1188 273 1191 .
327 1160 445 1193 aetheri
479 1160 688 1210 interspersa,
722 1160 936 1200 insensibilia,
972 1165 1065 1192 motu

328 1204 463 1247 proprio
486 1203 634 1246 simplice
656 1209 755 1242 mota,
781 1204 846 1236 alia
868 1204 979 1237 minus
1003 1203 1066 1236 alia

330 1247 437 1289 magis
453 1246 544 1279 dura.
560 1246 581 1279 i.
598 1251 672 1285 348,
687 1251 760 1280 415.

328 1301 502 1332 corporum
512 1295 635 1322 mutuae
644 1289 848 1322 attractionis
856 1300 963 1329 causa,
969 1290 1067 1333 juxta

328 1333 511 1376 Keplerum
526 1333 615 1375 quid.
631 1333 653 1365 i.
672 1337 745 1366 354.

329 1387 503 1419 corporum
529 1376 734 1425 quorundam
753 1376 913 1409 immensa
938 1376 1065 1418 magni-

329 1420 420 1459 tudo,
446 1425 482 1452 et
505 1419 644 1451 aliorum
670 1419 847 1452 ineffabilis
871 1420 1024 1463 parvitas.
1045 1419 1065 1451 i.

330 1467 432 1496 362--4
441 1462 660 1505 2—exiguitas
675 1463 765 1495 nulla
778 1463 992 1506 impossibilis
1007 1468 1066 1495 est.

330 1507 353 1538 i.
368 1510 441 1539 363.

330 1549 476 1625 perfecte
505 1549 669 1600 diaphana
696 1554 773 1582 sunt
797 1549 897 1583 etiam
924 1549 1068 1593 perfecte

357 1603 545 1635 omogenea.
561 1604 582 1625 1.
598 1597 671 1626 390.

330 1637 560 1679 heterogenea,
588 1647 752 1686 percussa,
782 1637 926 1670 reddunt
952 1647 1068 1669 sonum

330 1679 571 1722 inaequabilem.
586 1690 609 1712 1.
621 1684 683 1711 402
692 1685 779 1713 :—-et
788 1680 858 1712 vice
871 1691 973 1713 versa.
988 1680 1068 1712 ibid.

330 1733 470 1766 corpora
483 1723 585 1755 fluido
599 1722 708 1755 minus
722 1723 844 1766 pervia,
858 1723 967 1756 minus
982 1723 1070 1756 olfici

331 1776 438 1809 posse.
453 1765 475 1798 i.
491 1769 565 1800 407.

333 1820 407 1852 quae
417 1809 588 1841 minimum
600 1809 722 1842 habent
736 1809 914 1843 intermisti
928 1810 1072 1850 aetheris,

329 1863 394 1885 cur
407 1852 544 1884 minime
559 1853 696 1885 odorata
711 1859 798 1886 sunt.
814 1853 836 1886 i.
852 1858 926 1886 410.

333 1895 465 1938 corpori
499 1896 677 1928 attribuere
711 1896 892 1939 potentiam
927 1896 1071 1940 seipsum

333 1938 496 1979 movendi,
511 1939 605 1982 impii
619 1945 679 1979 est,
695 1950 805 1982 quare.
820 1940 842 1972 i.
858 1944 931 1973 415.

328 1982 370 2014 *in
407 1993 492 2024 aqua
527 1988 653 2022 natans,
691 1983 937 2026 aequiponderat
976 1994 1070 2027 aquae

333 2030 476 2067 quantae.
491 2025 513 2058 i.
530 2029 592 2058 419
605 2026 759 2059 :—-moles
774 2027 978 2069 quantalibet
998 2037 1071 2059 cor-

333 2068 425 2110 poris
463 2079 482 2100 a
506 2079 548 2100 ua
587 2069 730 2109 levioris,
768 2070 896 2103 natabit
922 2070 959 2103 in
987 2081 1073 2114 aqua

333 2112 495 2154 quanta.i
519 2111 563 2144 id.

334 2155 424 2197 quod
452 2154 526 2198 quis
555 2165 700 2198 unquam
727 2166 846 2199 corpus
875 2167 970 2190 suum
996 2168 1016 2190 a
1040 2156 1073 2189 vi

335 2197 452 2230 animae
482 2198 668 2239 elevaverit,
696 2199 853 2242 cogitatio
878 2200 1024 2244 puerilis.
1050 2200 1072 2233 i.

335 2294 407 2316 esse
420 2283 455 2316 in
470 2289 588 2317 natura
612 2285 760 2328 corporis
783 2297 888 2329 genus
909 2297 984 2319 aere
998 2297 1074 2329 gra-

334 2327 418 2366 vius,
433 2339 494 2360 nec
510 2334 622 2360 tamen
643 2339 742 2362 sensu
764 2329 806 2362 ab
821 2340 895 2363 aere
911 2330 1074 2373 distingu-

335 2371 466 2403 endum.
482 2371 503 2403 i.
522 2375 595 2404 424.

335 2413 528 2457 corpuscula
542 2413 577 2446 in
592 2425 677 2454 aere,
699 2425 759 2458 per
774 2416 1023 2459 respirationem
1039 2416 1074 2449 in

336 2457 530 2499 sanguinem
542 2463 674 2500 recepta
688 2464 722 2491 et
735 2469 795 2501 per
805 2459 914 2492 cordis
928 2460 1074 2502 systolen

335 2500 370 2575 ἔτι
379 2499 535 2575 kligabitum
550 2500 737 2541 distributa,
752 2508 877 2535 motum
892 2502 1073 2546 simplicem

360 2553 379 2575 a
421 2549 467 2576 nt.
482 2553 519 2575 ιι.
534 2547 565 2576 4.

334 2597 403 2619 non
418 2586 568 2626 rotunda,
585 2597 687 2629 quare
700 2598 720 2620 e
738 2587 919 2632 longinquo
934 2589 1075 2622 rotunda

336 2634 505 2672 apparent.
520 2629 554 2662 ii.
571 2634 623 2669 24,
639 2634 691 2663 26.

336 2672 485 2748 οοιφοτίε
510 2672 646 2705 humani
672 2684 857 2718 compages,
884 2685 983 2719 quam
1007 2675 1073 2709 fra-

359 2715 424 2748 iis.
439 2715 475 2749 ii.
498 2719 567 2749 162.

334 2727 467 2802 {ox-pus,
483 2759 704 2802 subjectorum
729 2760 876 2794 scientiae
898 2761 1074 2805 generalis·

335 2802 464 2836 simum.
479 2801 527 2834 iii.
543 2806 593 2836 66.

335 2846 408 2888 ejus
423 2845 598 2889 qualitates
614 2851 691 2879 sunt
712 2847 916 2883 internarum
930 2849 1072 2893 partium

333 2894 444 2924 motus
459 2889 656 2924 invisibiles.
671 2890 719 2924 iii.
735 2894 786 2926 67.

950 237 1166 272 vINDEX.

1122 351 1260 383 corpora
1274 339 1409 383 politica
1421 340 1511 383 quid.
1528 339 1575 373 iii.
1594 341 1665 373 170.

1123 383 1316 426 oppidorum
1326 390 1572 427 corporatorum
1581 381 1768 422 multitude,
1782 386 1859 415 sunt

1123 427 1158 458 in
1173 427 1305 460 civitate
1321 427 1414 470 quasi
1430 427 1465 458 in
1480 426 1624 458 hominis
1638 425 1797 458 naturalis
1806 425 1859 458 in-

1124 470 1253 502 testinis
1269 470 1405 502 totidem
1419 469 1581 503 lumbrici.
1596 469 1643 502 iii.
1658 473 1730 502 239.

1124 524 1243 556 corpus
1255 520 1289 546 et
1300 514 1444 556 spiritus,
1453 514 1488 545 in
1498 523 1646 545 sermone
1656 510 1860 551 scholastico,

1125 557 1282 599 appellari
1298 557 1403 589 solent
1424 558 1593 588 substantia
1611 568 1628 587 c
1765 561 1799 588 et
1811 557 1862 586 in-

1125 612 1273 641 corporea.
1289 600 1335 633 iii.
1352 600 1510 633 280:—id
1525 599 1613 642 quod
1634 609 1701 631 non
1723 598 1767 631 sit
1787 597 1862 630 uni-

1126 643 1212 675 versi
1228 643 1334 683 aliqua
1347 654 1433 686 pars,
1460 654 1566 685 corpus
1586 653 1653 675 non
1666 641 1799 686 proprie
1811 640 1862 674 di·

1126 686 1221 718 citur.
1238 686 1317 719 ibid.

1127 740 1274 772 corpora,
1301 730 1380 773 quia
1403 729 1492 762 varie
1516 733 1684 780 apparent,
1708 728 1865 761 dicuntur

1128 783 1199 805 esse
1215 774 1361 816 subjecta
1369 773 1468 806 variis
1481 772 1712 806 acmdenfibus.
1721 771 1772 804 iii.
1783 775 1863 804 280:

1128 817 1383 850 —nominantur
1396 816 1500 860 igitur
1517 815 1716 848 substantiae.
1731 815 1810 847 ibid.

1129 872 1254 901 corpora
1278 863 1332 892 etsi
1354 873 1414 892 non
1437 871 1595 892 ascensura
1624 861 1686 891 sint
1705 860 1738 890 in
1763 859 1865 890 coelum

1130 909 1199 934 ante
1214 906 1288 935 diem
1294 906 1421 946 judieii,
1437 905 1543 934 animae
1559 908 1656 934 tamen
1671 903 1866 934 ascendo-unt

1130 948 1219 978 simul
1240 953 1328 988 atque
1342 959 1379 978 ex
1394 949 1564 987 corporibus
1578 951 1782 978 excesserant:
1806 944 1866 977 ob-

1125 989 1265 1033 jectioni
1281 990 1357 1022 huic
1373 990 1552 1032 responsio.
1568 989 1615 1022 iii.
1630 993 1704 1021 324.

1131 1043 1268 1075 corpora
1292 1034 1461 1065 hominum
1490 1038 1566 1075 post
1593 1031 1866 1064 resurrectionem

1131 1081 1254 1108 aeterna
1268 1082 1301 1109 et
1315 1076 1498 1119 spiritualia
1509 1081 1615 1108 erunt.
1629 1075 1676 1108 iii.
1691 1078 1766 1108 337.

1133 1130 1233 1162 quare
1260 1120 1456 1162 expediebat
1481 1119 1556 1158 dici,
1581 1129 1700 1162 corpus
1721 1118 1810 1150 idem
1830 1116 1867 1149 in

1131 1163 1281 1206 pluribus
1297 1163 1394 1195 simul
1409 1162 1499 1201 locis,
1515 1168 1549 1195 et
1569 1162 1666 1212 plura
1679 1171 1818 1204 corpora
1830 1160 1867 1193 in

1133 1206 1246 1238 eodem
1262 1206 1359 1238 simul
1375 1206 1446 1238 loco
1459 1216 1539 1238 esse.
1554 1205 1602 1238 fui.
1617 1209 1691 1238 499.

1133 1249 1318 1282 differentia
1336 1249 1424 1283 inter
1438 1260 1556 1292 corpus
1571 1254 1604 1281 et
1616 1249 1757 1281 animam
1771 1248 1868 1280 inex-

1133 1292 1296 1335 plicabilis
1310 1299 1369 1332 est,
1393 1293 1428 1324 ni
1446 1292 1645 1324 concedatur
1656 1291 1757 1324 vitam
1771 1296 1867 1324 aeter·

1133 1346 1209 1367 nam
1234 1346 1300 1368 non
1325 1336 1473 1379 incipere
1492 1335 1558 1368 nisi
1577 1346 1598 1368 a
1617 1334 1867 1368 resurrectione.

1133 1378 1180 1411 iii.
1197 1383 1268 1411 524.

1134 1427 1637 1498 ffiffinssffissfflssmfflffl
1646 1430 1870 1501 ’ἰῖεῗᾚῃῖἳι

1133 1509 1244 1541 nullus
1269 1509 1442 1551 theologus
1457 1514 1514 1541 aut
1531 1507 1746 1552 philosophus
1760 1518 1800 1540 ea
1812 1507 1870 1540 de-

1135 1551 1339 1585 finitionibus
1367 1552 1532 1595 explicare
1556 1551 1714 1595 dignatus
1743 1551 1795 1584 sit.
1820 1550 1869 1584 iii.

1136 1638 1284 1682 corporis
1307 1638 1432 1681 species
1449 1638 1484 1670 in
1509 1637 1652 1682 speculo,
1668 1637 1871 1680 incorporem

1137 1688 1223 1714 sunt.
1238 1682 1285 1715 iii.
1302 1685 1363 1715 537
1375 1687 1545 1715 z—natura
1567 1681 1676 1714 media
1696 1681 1784 1714 inter
1797 1691 1871 1713 cor·

1136 1736 1198 1769 pus
1213 1731 1247 1758 et
1262 1725 1424 1769 spiritum,
1438 1725 1566 1768 concipi
1580 1736 1646 1758 nou
1656 1729 1777 1768 potest.
1789 1723 1870 1757 ibid.

1136 1771 1299 1801 maz-imum
1325 1769 1377 1801 vel
1399 1781 1538 1810 maynum
1561 1768 1646 1801 nihil
1666 1767 1733 1801 dici
1752 1772 1871 1812 potest,

1137 1812 1226 1855 quod
1240 1823 1307 1844 uon
1322 1812 1366 1844 sit
1379 1822 1507 1854 corpus.
1522 1811 1569 1844 iii.
1585 1815 1658 1845 538.

1136 1868 1243 1897 corpus
1256 1857 1398 1897 quicquid
1410 1867 1469 1887 non
1483 1861 1534 1895 est,
1546 1867 1606 1887 non
1619 1860 1663 1887 est
1675 1866 1736 1895 ens,
1747 1853 1872 1888 dictum

1137 1899 1343 1932 Tertulliani.
1358 1898 1404 1931 iii.
1421 1902 1494 1932 561.

1138 1942 1227 1986 quod
1241 1953 1370 1985 corpus,
1386 1941 1449 1974 sibi
1465 1952 1594 1992 semper
1607 1941 1743 1985 aequale,
1753 1940 1875 1974 habent

1139 1985 1355 2028 quantitatem
1379 1985 1476 2017 modo
1500 1995 1660 2018 minorem
1681 1984 1779 2017 modo
1803 1994 1874 2016 ma·

1135 2030 1253 2072 jorem,
1276 2028 1479 2071 impossibile
1494 2033 1553 2061 est.
1568 2028 1611 2061 iv,
1626 2032 1689 2061 229
1702 2037 1875 2070 :—corpus

1141 2072 1228 2116 quod
1250 2072 1348 2104 modo
1375 2077 1515 2114 augetur
1542 2071 1640 2104 modo
1667 2070 1874 2110 diminuitur,

1139 2115 1229 2148 idem
1244 2125 1382 2148 numero
1396 2125 1469 2147 esse
1483 2125 1549 2147 non
1607 2119 1681 2147 test.
1696 2114 1776 2147 ibid.

1140 2169 1278 2202 corpora
1301 2158 1376 2198 duo,
1397 2158 1481 2190 dura
1506 2163 1541 2190 et
1603 2168 1645 2190 ne
1668 2157 1830 2200 laevigata,
1845 2156 1875 2190 si

1141 2213 1176 2235 se
1191 2201 1369 2235 secundum
1385 2200 1573 2244 superficies
1584 2211 1660 2233 suas
1670 2201 1785 2244 planas
1798 2200 1876 2234 teti-

1140 2245 1260 2288 gerint,
1271 2255 1372 2287 quare
1385 2244 1433 2276 ita
1446 2244 1612 2277 cohaerent
1622 2250 1660 2276 ut
1670 2254 1791 2287 magna
1803 2243 1876 2277 sine

1141 2288 1174 2320 vi
1189 2287 1332 2331 separari
1347 2298 1412 2320 non
1427 2287 1563 2330 possint.
1579 2287 1621 2319 iv.
1637 2290 1699 2321 267
1707 2287 1876 2320 z—eadem

1141 2332 1176 2364 in
1189 2331 1352 2374 recipiens
1377 2330 1546 2370 translata,
1561 2330 1666 2364 nihilo
1687 2341 1722 2363 m
1767 2330 1775 2338 “
1817 2330 1877 2363 de·

1142 2374 1269 2407 sierunt
1297 2374 1472 2406 cohaerere.
1493 2373 1535 2406 iv.
1557 2378 1619 2407 268
1635 2387 1689 2407 :—-
1754 2384 1818 2413 em,
1846 2373 1876 2406 si

1141 2417 1325 2450 communis
1340 2427 1453 2449 eorum
1469 2417 1657 2460 superficies
1667 2417 1710 2450 ad
1724 2417 1877 2450 horizon·

1142 2466 1208 2493 tem
1234 2460 1390 2503 erigatur,
1407 2460 1458 2492 vel
1483 2470 1550 2492 non
1569 2460 1664 2493 valde
1688 2460 1878 2500 inclinetur,

1142 2503 1298 2536 facillime
1322 2514 1424 2535 unum
1439 2503 1481 2536 ab
1496 2503 1600 2536 altero
1622 2503 1818 2536 dilabentnr.
1832 2502 1876 2536 iv·

1142 2547 1381 2580 318:--eadem
1409 2547 1437 2579 si
1466 2557 1532 2579 uno
1561 2547 1699 2580 instanti
1720 2546 1878 2580 divellere

1142 2590 1280 2629 coneris,
1296 2590 1399 2622 multo
1425 2590 1530 2633 magis
1544 2590 1594 2623 vis
1617 2589 1803 2623 adhibend-
1815 2595 1877 2623 est.

1142 2633 1220 2666 ibid.
1229 2644 1379 2676 z—quam
1409 2633 1452 2666 ob
1479 2643 1620 2666 causam.
1648 2633 1728 2666 ibid.
1736 2646 1788 2666 ι-
1817 2643 1877 2666 uo·

1142 2676 1239 2709 modo
1262 2676 1515 2716 demonstratur,
1533 2676 1649 2709 mundi
1671 2676 1798 2720 plenitu
1824 2676 1832 2684 ⁰
1857 2687 1877 2709 e

1143 2731 1181 2752 su
1206 2720 1322 2762 posita,
1338 2719 1493 2762 possibile
1516 2719 1650 2753 omnino
1671 2730 1743 2752 esse
1763 2725 1802 2753 ut
1824 2719 1878 2752 di-

1142 2730 1314 2795 vellantur.
1330 2763 1372 2795 iv.
1385 2767 1447 2796 319
1456 2763 1730 2806 z—-experimento
1742 2762 1805 2796 hoc
1814 2773 1875 2796 ex-

1142 2806 1281 2848 cogitari
1307 2806 1397 2839 aliud
1425 2811 1654 2857 argumentum
1678 2811 1799 2839 contra
1821 2818 1877 2839 oa·

1138 2862 1228 2881 cuum
1244 2849 1363 2882 fortuis
1377 2854 1412 2882 et
1422 2849 1606 2882 evidentius
1619 2860 1686 2882 non
1699 2854 1818 2893 potest.
1833 2850 1876 2882 iv·

1142 2896 1285 2934 268,317
1294 2903 1445 2937 z—-quare
1458 2892 1661 2937 impossibile
1673 2898 1771 2935 esset,
1780 2903 1877 2927 mun-
