1982 3204
452 308 700 348 Amouo'r
725 303 1082 356 cnomz'rmca
1109 304 1224 337 mc.
1431 291 1521 344 179

147 419 310 485 posita
343 435 403 468 ex
440 419 577 468 radio
615 426 664 468 et
702 425 934 482 tangente
981 421 1045 464 30
1091 414 1332 478 graduum
1377 414 1523 462 etiam
1593 429 1683 456 cu.
1703 429 1756 455 v1.

149 494 408 558 decuplum
432 510 536 542 esse
559 493 815 557 quadratia
842 489 1146 539 semiradio*.
1540 475 1807 551 „Wffl

216 570 531 619 Describatur
558 570 660 632 (fig.
680 569 753 630 iii)
781 567 1071 631 quadratum
1096 563 1289 622 ABCD,
1315 571 1522 611 secetur·
1540 558 1673 629 'c'ffiu‘d
1689 557 1803 586 ‘’⁴¹³³''

149 662 244 711 que
267 646 609 710 quadrifariam
645 654 749 692 tum
781 660 811 691 a
834 642 979 690 rectis
1007 640 1105 698 EF,
1129 639 1217 696 Gk,
1241 647 1346 686 tum
1370 655 1399 686 a
1422 638 1524 686 dia-

148 722 405 786 gonalibus
429 720 532 779 AC,
568 721 654 768 BD
686 717 1086 767 concurrentibus
1119 716 1168 763 in
1206 723 1375 763 centro
1411 730 1524 777 qua-

150 796 280 846 drati
303 796 367 844 ad
399 812 464 843 m:
499 803 548 843 et
572 794 874 842 describatur
907 806 1049 839 arcus
1075 790 1158 838 AC
1182 805 1350 837 secans
1373 789 1452 836 EF
1475 789 1526 836 in

150 871 211 930 Ο,
240 880 291 919 et
321 870 620 934 producatur
651 867 713 916 ad
748 868 875 915 latus
904 866 986 914 BC
1008 865 1059 913 in
1082 881 1129 912 a.
1199 864 1288 912 Est
1310 879 1427 927 ergo
1452 859 1533 911 Ba

150 954 356 1011 tangens
380 952 444 995 30
468 944 722 1008 graduum.
792 941 1094 991 Producatur
1124 940 1250 988 latus
1275 939 1376 998 BC,
1403 948 1454 987 et
1475 939 1527 986 in

150 1021 391 1086 producto
414 1029 634 1069 sumatur
659 1019 725 1067 CI
744 1018 942 1082 aequalis
965 1015 1227 1065 semilateri
1254 1015 1351 1072 BE,
1376 1022 1425 1062 et
1448 1014 1530 1062 CL

151 1097 351 1162 aequalis
373 1096 594 1159 tangenti
619 1095 708 1143 Ba.
779 1092 967 1142 Deinde
992 1092 1296 1140 describatur
1321 1089 1530 1154 quadra-

151 1180 257 1222 tum
278 1188 309 1220 a
330 1180 437 1220 tota
454 1171 552 1230 BL,
567 1170 698 1235 quod
720 1170 784 1218 sit
807 1168 984 1217 BLZM
1006 1187 1016 1215 :
1041 1167 1171 1231 quod
1194 1166 1530 1215 demonstran-

153 1251 270 1300 dum
292 1259 368 1299 est
391 1250 574 1315 aequale
598 1265 703 1297 esse
727 1249 897 1297 decem
920 1246 1167 1311 quadratis
1189 1263 1219 1294 a
1242 1246 1324 1294 BE
1347 1245 1424 1293 vel
1449 1245 1529 1294 CI.

219 1326 526 1376 Quadratum
550 1341 580 1373 a
604 1325 686 1372 BE
709 1332 784 1372 est
809 1323 997 1372 BEmG.
1044 1322 1351 1372 Quadratum
1374 1337 1402 1368 a
1426 1328 1532 1369 tan-

152 1410 299 1466 gente
324 1402 397 1450 Ba
421 1410 495 1449 est
521 1399 727 1458 BabSG,
747 1400 826 1447 cui
852 1400 937 1447 fiat
960 1397 1147 1462 aequale
1172 1397 1396 1445 CLYle.
1559 1398 1570 1401 ‘⁷

221 1477 539 1526 Describatur
583 1476 732 1524 etiam
778 1475 1071 1538 quadratum
1101 1489 1132 1521 a
1168 1473 1250 1531 BI,
1292 1472 1422 1536 quod
1467 1472 1531 1520 sit

156 1553 291 1618 meg
310 1571 323 1601 t
347 1560 397 1601 et
413 1551 711 1616 producatur
729 1550 830 1608 CD,
849 1551 928 1598 EF
947 1549 1008 1598 ad
1031 1549 1159 1597 latus
1183 1548 1293 1606 MZ,
1311 1557 1531 1596 secantes

152 1645 222 1694 gc
243 1629 295 1677 in
319 1628 364 1676 K
389 1638 440 1676 et
461 1627 507 1675 k.
577 1626 881 1675 Producatur
903 1625 1018 1673 item
1044 1623 1108 1672 ab
1131 1623 1195 1672 ad
1216 1623 1343 1671 latus
1366 1623 1459 1671 MZ
1482 1624 1534 1671 in

155 1703 223 1764 X,
246 1711 297 1752 et
319 1703 404 1751 SH
431 1702 493 1751 ad
517 1702 595 1750 LZ
619 1701 669 1749 in
695 1699 762 1749 Y.

226 1778 535 1843 Intelligatur
552 1779 655 1841 jam
689 1783 901 1840 quatuor
930 1775 1084 1823 latera
1113 1773 1336 1838 quadrati
1359 1773 1534 1822 ABCD

157 1853 315 1903 divisa
347 1870 451 1903 esse
484 1853 675 1917 singula
709 1852 759 1899 in
801 1850 1069 1899 duodecem
1108 1856 1271 1912 partes
1310 1849 1534 1913 aequales.

160 1929 237 1979 Ita
258 1930 388 1978 enim
422 1930 510 1977 fiet
534 1936 593 1976 ut
622 1926 914 1991 quadratum
937 1925 1111 1974 ABCD
1146 1925 1395 1974 contineat
1418 1941 1535 1989 qua-

159 2004 353 2054 dratula
374 2003 579 2068 aequalia
607 2008 714 2051 144.

226 2079 475 2130 Quoniam
498 2079 626 2126 latus
651 2077 734 2125 BC
754 2082 828 2125 est
857 2080 932 2134 12,
949 2076 1076 2124 latus
1100 2075 1164 2123 BI
1189 2083 1263 2123 est
1293 2079 1367 2123 18.
1402 2073 1537 2121 Illius

162 2155 453 2219 quadratum
476 2162 551 2203 est
582 2159 688 2212 144,
712 2153 856 2215 hujus
882 2157 993 2201 324.
1047 2151 1354 2200 Quadratum
1376 2157 1539 2197 autem

163 2246 195 2279 a
221 2235 278 2279 19
303 2237 379 2279 est
402 2235 523 2277 361:
559 2227 849 2292 quadratum
885 2243 915 2275 a
945 2232 1009 2275 20
1042 2234 1118 2275 est
1150 2231 1270 2275 400:
1306 2233 1452 2288 atque
1487 2223 1540 2271 hi

163 2305 354 2355 numeri
385 2304 612 2369 quadrati
648 2309 761 2351 sunt
801 2302 1030 2365 deinceps
1066 2301 1288 2365 proximi.
1358 2301 1539 2357 Quare,

164 2395 253 2445 per
285 2396 391 2445 cap.
410 2380 473 2439 iv,
491 2395 624 2428 num.
646 2384 692 2437 3,
718 2378 915 2441 dempta
945 2377 1134 2426 unitate
1171 2393 1202 2424 a
1240 2375 1399 2424 medio
1424 2390 1541 2438 qua-

166 2454 309 2504 drato
333 2461 445 2515 361,
470 2455 683 2518 reliquus
711 2459 807 2502 360
840 2460 914 2502 est
944 2452 1132 2501 medius
1165 2450 1542 2516 proportionalis

168 2529 297 2578 inter
320 2536 416 2579 400
440 2538 491 2578 et
526 2536 620 2579 324
643 2548 654 2577 ε
689 2529 740 2577 id
772 2537 861 2588 est,
886 2529 1025 2577 radix
1058 2528 1247 2576 numeri
1269 2526 1491 2591 quadrati
1515 2542 1545 2573 a

171 2608 269 2653 400
291 2604 612 2669 multiplicato
636 2605 687 2652 in
706 2610 819 2653 324.

238 2678 438 2738 RursuS,
461 2680 575 2743 quia
603 2679 685 2728 BC
708 2686 783 2728 est
812 2685 885 2737 12,
910 2677 1157 2727 semilatus
1190 2678 1272 2725 BE
1295 2685 1368 2725 est
1391 2682 1438 2734 6,
1463 2676 1544 2739 qui

173 2753 436 2819 quadratus
458 2762 531 2804 est
564 2761 644 2804 36.
714 2754 996 2805 Quadratus
1030 2761 1194 2803 autem
1228 2769 1258 2800 a
1293 2757 1320 2806 7
1357 2760 1431 2800 est
1456 2756 1542 2798 49:

670 2922 693 2945 ⁸
723 2920 789 2961 Sic
807 2921 898 2960 edit.
923 2920 1035 2959 1674.

1334 2996 1368 3028 Ν
1398 2993 1416 3020 2
