1982 3204
232 1568 234 1570 v
285 1531 407 1564 missus
429 1531 526 1574 regni
553 1531 621 1564 Dei
643 1531 841 1564 restituendi
865 1542 973 1565 causa.
997 1531 1032 1565 ii.

223 2506 225 2512 ,
279 2480 422 2523 principi
436 2480 567 2512 cuidam
583 2480 812 2523 interroganti,
822 2482 897 2522 quid
900 2482 1025 2523 faciens

243 209 343 256 xxii

290 323 348 366 qui
367 322 580 357 crediderunt
608 323 645 356 in
673 323 742 364 illo,
771 323 894 357 mortui
925 324 1034 367 quoad

289 377 429 410 corpora
468 366 640 407 naturalia,
677 373 853 410 resurgent
896 378 1036 411 corpora

290 409 484 452 spiritualia.
498 409 545 443 iii.
561 414 700 444 429-30.

290 453 358 492 ille,
371 458 446 496 post
461 453 749 494 resurrectionem,
764 454 934 487 civitatem
957 465 1036 486 con-

291 497 409 529 stituet
422 496 629 539 spiritualem
645 502 679 530 et
692 502 862 530 aeternam.
879 498 926 530 iii.
943 502 1016 529 430.

292 539 514 578 Christianus,
529 539 558 572 si
573 550 686 582 regem
703 540 842 583 eligeret
857 551 956 582 quem
972 540 1037 572 sei-

291 588 343 615 ret
371 588 567 615 conaturum
599 594 618 615 a
647 583 713 616 fide
742 583 837 615 illum
864 584 1037 622 abducere,

291 626 402 658 Deum
418 625 558 658 nimium
575 630 760 659 tentaturus
783 631 879 659 esset.
892 626 938 659 iii.
956 631 1035 658 430:

290 669 389 701 —sed
411 669 554 701 electum
576 669 751 712 deponere,
767 670 928 713 injustum
952 681 1037 702 sem-

291 722 352 755 per
367 717 426 745 est.
442 711 489 745 iii.
502 716 578 746 431.

291 755 332 787 ad
359 755 591 805 deponendum
615 755 781 790 Caesarem
808 755 862 788 vel
890 755 1036 790 Pilatum

289 798 361 841 ipse
377 798 502 831 viribus
516 809 583 830 non
597 798 715 832 caruit.
731 799 778 832 iii,
789 803 864 832 431.

289 853 386 884 reges
401 841 586 876 Christiani
600 842 665 885 ipsi
675 842 802 876 Christi
813 847 890 874 sunt
901 841 1038 875 subditi.

289 885 336 918 iii.
359 889 422 917 432
437 885 702 934 z—pontifieibus
737 885 898 918 Romanis
927 891 1036 919 tamen

289 928 443 971 aequales.
458 928 539 960 ib1d.

288 977 486 1014 potestatem
502 971 622 1004 arietes
644 971 793 1004 furentes
813 971 988 1004 coercendi
1004 976 1038 1004 et

288 1025 309 1046 a
318 1025 422 1057 grege
432 1015 606 1056 separandi
620 1015 692 1057 ipse
706 1014 878 1047 recusavit.
891 1015 938 1047 iii.
951 1019 1014 1047 433
1030 1029 1037 1048 :

288 1058 434 1090 —multo
449 1057 558 1090 minus
573 1068 645 1090 eam
661 1057 754 1090 dedit
770 1058 884 1098 Petro,
895 1062 953 1091 aut
972 1059 1036 1091 Pe-

288 1105 361 1133 trus
375 1100 620 1133 successoribus
635 1100 712 1133 suis.
725 1100 806 1133 ibid.

287 1143 473 1186 prophetiae
488 1143 523 1175 in
540 1144 755 1176 Testamento
765 1145 892 1176 Vetere
907 1143 948 1176 de
962 1143 1036 1186 dig-

288 1187 393 1220 nitate
404 1186 540 1220 Christi.
550 1186 584 1219 ii.
597 1189 659 1220 372
669 1200 716 1219 :—
723 1187 764 1219 de
771 1188 842 1231 ejus
849 1187 1037 1220 humilitate

289 1235 323 1262 et
338 1230 502 1273 passione.
518 1229 553 1261 ii.
570 1232 689 1263 374-5.

287 1278 506 1315 expectarunt
520 1273 634 1306 Judaei
649 1272 833 1313 Christum,
846 1272 987 1316 qualem.
1000 1273 1034 1306 ii.

287 1359 444 1393 Christus
474 1358 537 1391 etsi
559 1358 698 1401 aequalis
721 1358 810 1402 patri
839 1369 900 1391 suo
924 1359 1033 1402 quoad

286 1407 450 1442 naturam,
465 1401 575 1434 minor
594 1407 705 1435 tamen
721 1402 830 1452 quoad
847 1403 906 1445 jus
927 1402 1033 1444 regni.

286 1445 321 1478 ii.
333 1448 396 1478 376
405 1445 540 1488 :-—quid
555 1445 765 1488 significavit,
777 1456 852 1478 cum
867 1450 906 1479 ut
920 1445 1032 1478 subdi-

287 1493 342 1521 tus
356 1488 588 1531 baptizaretur.
605 1488 685 1522 ibid.

286 1577 361 1614 377,
381 1574 550 1608 378;-—ad
578 1580 712 1618 pactum
739 1574 828 1607 inter
857 1575 969 1608 Deum
999 1580 1034 1608 et

285 1618 454 1650 hominem
469 1618 730 1661 percutiendum.
746 1618 781 1650 ii.
798 1621 871 1652 379.

284 1663 358 1704 ejus
379 1672 519 1704 regnum
534 1661 570 1693 in
585 1661 649 1693 hoe
664 1661 788 1694 mundo
803 1672 870 1694 non
883 1661 948 1694 fuit
969 1661 1033 1694 im-

284 1704 424 1747 perium,
441 1704 499 1737 sed
513 1704 701 1743 concilium,
718 1704 787 1736 sive
809 1705 959 1747 regimen
972 1716 1034 1748 per

286 1747 470 1780 doctrinam
487 1752 521 1780 et
535 1747 791 1790 persuasionem.
807 1747 841 1780 ii.
856 1751 930 1781 379.

285 1790 380 1823 illum
403 1802 470 1833 qua
483 1790 519 1823 in
533 1802 571 1823 re
586 1790 728 1823 similem
745 1790 835 1823 Mosi
850 1792 943 1823 Deus
959 1802 1032 1823 esse

285 1834 398 1866 voluit.
426 1834 462 1866 ii.
485 1837 548 1867 379
558 1834 743 1876 .—qualem
772 1839 970 1877 potestatem
1000 1834 1032 1867 ei

283 1877 377 1910 dedit
392 1878 484 1910 Deus
497 1882 601 1920 pater.
611 1877 682 1909 ibid
690 1888 818 1910 z—eum
834 1882 1031 1920 potestatem

284 1931 351 1952 non
372 1920 527 1952 habuisse
552 1920 727 1963 judicandi
751 1920 793 1952 de
821 1932 885 1952 meo
908 1925 943 1953 et
969 1927 1030 1960 tuo,

285 1963 450 2006 quomodo
461 1963 590 1996 ratione
600 1964 824 1996 confirmatur.
836 1963 870 1996 ii.
883 1967 923 1997 37
928 1968 1013 1996 9-80
1021 1989 1028 1996 .

283 2017 435 2049 —neque
466 2017 665 2049 quemquam
702 2007 945 2039 condemnandi
973 2013 1030 2040 aut

284 2049 455 2092 puniendi,
470 2049 629 2092 probatur
645 2050 818 2092 quomodo.
833 2049 867 2082 ii.
884 2054 958 2083 380.

283 2103 359 2125 eum
375 2103 442 2125 non
453 2092 555 2125 fuisse
566 2092 800 2136 legislatorem,
812 2093 870 2125 sed
906 2093 1029 2126 romul-

283 2141 432 2177 gatorem
454 2136 566 2178 legum
589 2141 810 2178 paternarum,
824 2147 869 2168 un
894 2147 914 2169 e
935 2136 1028 2169 colli-

283 2179 385 2221 gitur.
399 2179 434 2211 ii.
447 2179 724 2212 380-12——nullas
739 2179 830 2222 leges
853 2180 1028 2222 praeserip-

283 2221 366 2254 sisse
382 2222 620 2255 distributivas.
635 2222 671 2255 ii.
692 2226 926 2265 3852—neque
941 2223 1029 2255 eirea

281 2264 425 2298 civitatis
446 2265 606 2308 regimen.
621 2265 656 2298 ii.
672 2268 734 2299 387
749 2265 928 2308 :—legibus
949 2266 1028 2305 illis,

282 2320 341 2339 non
368 2310 492 2347 occides,
532 2320 592 2340 non
624 2310 809 2348 moechabere,
839 2314 912 2349 ete„
947 2309 1026 2352 quid

279 2351 446 2425 praecepit.
458 2351 483 2383 ii
508 2355 582 2384 386.

293 2394 413 2426 oederis
429 2394 612 2428 Christiani
622 2394 830 2427 conditiones
841 2405 860 2427 e
875 2394 1025 2438 Scriptu-

279 2437 326 2469 ris
346 2437 455 2471 Sacris
470 2437 626 2480 probntae.
641 2437 676 2470 ii.
690 2441 807 2470 382-3.

279 2525 371 2555 vitam
385 2529 526 2555 aeternam
543 2525 709 2565 possidebo,
733 2523 814 2566 quid
835 2523 1022 2567 respondet.

278 2566 313 2599 ii.
330 2571 449 2600 382—3.

278 2610 370 2652 leges
384 2609 484 2642 nullae
500 2609 541 2642 ub
555 2609 614 2642 illo
636 2609 768 2647 additae,
790 2614 912 2652 praeter
925 2609 1022 2642 insti-

276 2653 439 2686 tutionem
453 2658 742 2685 sacramentorum.
758 2652 791 2684 ii.
807 2656 924 2686 383-5.

278 2696 321 2729 ad
336 2695 479 2728 officium
495 2706 591 2728 suum
613 2694 780 2738 pertinere
804 2701 913 2738 negat,
936 2705 1019 2738 prae-

278 2744 374 2782 cepta
387 2739 518 2772 tradere
533 2738 575 2771 de
590 2741 674 2781 jure,
695 2740 816 2780 politia,
837 2744 872 2771 et
890 2741 1020 2771 scientiis

276 2785 476 2815 naturalibus.
491 2781 526 2814 ii.
538 2786 602 2815 389
611 2781 729 2814 :—hoc
743 2792 846 2814 unum
862 2781 973 2820 tradit,
983 2788 1020 2814 ut

277 2826 311 2858 in
328 2825 481 2858 omnibus
495 2824 584 2858 cirea
604 2824 663 2857 illa
683 2825 918 2858 controversiis
938 2824 1019 2858 eivi-

277 2869 355 2902 tatis
371 2869 501 2909 legibus
513 2867 733 2901 obediendum
749 2873 808 2901 est.
825 2867 905 2901 ibid.

276 2912 317 2944 ad
333 2910 476 2945 officium
491 2912 563 2955 ejus
578 2911 724 2955 pertinet
737 2911 856 2946 docere
871 2911 1018 2951 moralia,

959 224 1161 258 INDEX.

1104 334 1171 355 non
1183 328 1221 356 ut
1230 322 1434 356 theoremata
1449 323 1507 356 sed
1523 328 1562 356 ut
1570 322 1672 366 leges,
1684 323 1854 357 remittere

1104 372 1250 409 peccata,
1266 371 1300 398 et
1309 366 1430 398 docere
1442 366 1554 399 omnia
1569 377 1710 409 quorum
1725 376 1792 399 non
1803 373 1856 400 est

1106 410 1244 442 seientia
1253 409 1387 459 proprie
1396 409 1494 442 dicta.
1505 410 1539 442 ii.
1546 413 1609 442 389
1620 410 1745 453 :—-ejus
1754 409 1855 443 officii

1106 463 1245 491 summa,
1263 452 1354 495 qiud.
1371 452 1451 485 ibid.

1106 495 1160 528 cui
1185 495 1390 528 commiserit
1416 495 1653 529 authoritatem
1673 495 1764 529 cirea.
1785 495 1855 540 spi·

1106 539 1248 571 ritualia.
1264 538 1298 571 ii.
1316 543 1389 571 391.

1107 582 1149 614 ad
1164 593 1324 614 canonem
1348 581 1427 614 fidei
1450 581 1652 616 Christianae
1667 591 1735 614 non
1749 581 1853 625 perti-

1106 631 1188 658 nent
1210 625 1322 657 omnia
1344 636 1419 667 quae
1446 625 1612 658 habentur
1627 625 1663 657 in
1679 625 1854 668 Scriptura

1107 670 1216 702 Sacra.
1234 668 1267 700 ii.
1283 672 1346 701 392
1356 669 1558 711 :—-ejusdem
1579 678 1686 701 canon
1709 674 1760 701 est
1774 671 1855 700 verbi

1105 714 1169 743 Dei
1182 712 1347 744 sententia
1363 722 1440 743 vera
1453 717 1487 744 et
1501 711 1656 753 genuina.
1671 711 1706 744 ii.
1721 715 1796 745 393.

1106 755 1262 789 Christus
1275 760 1375 797 caput
1386 754 1543 787 ecclesiae.
1557 755 1591 787 ii.
1604 758 1667 787 395
1676 754 1853 788 2—dieitur

1105 798 1147 830 ab
1163 798 1337 840 Apostolis
1352 798 1394 830 de
1408 798 1531 830 electis.
1543 797 1578 830 ii.
1594 801 1669 830 398.

1105 842 1178 884 ejus
1194 841 1303 880 verba,
1325 843 1352 873 εἰ
1373 843 1544 882 peccaverit
1557 843 1591 872 in
1603 846 1630 872 te
1644 842 1753 882 frater
1770 846 1852 881 ms,

1105 886 1181 916 vade
1209 891 1237 916 et
1266 888 1382 926 corripe
1411 896 1478 916 eum
1507 890 1581 924 etc„
1611 883 1786 926 explicata.
1813 884 1849 918 ii.

1105 970 1289 1004 Christiani
1319 981 1434 1003 omnes
1458 970 1710 1014 baptizabantur
1733 969 1771 1003 in
1794 980 1849 1004 re-

1105 1013 1295 1046 missionem
1311 1019 1531 1056 peccatorum.
1547 1013 1582 1047 ii.
1598 1017 1674 1046 405.

1106 1057 1298 1090 Christiana
1309 1057 1425 1089 civitas
1437 1057 1510 1090 Scri
1535 1062 1626 1090 turns
1636 1056 1851 1107 interpretari

1105 1100 1204 1133 debet
1219 1111 1278 1143 per
1290 1107 1442 1150 pastores
1457 1111 1514 1132 ecc
1527 1099 1706 1133 esiasticos.
1722 1100 1758 1133 ni.
1773 1104 1848 1133 412.

1104 1143 1134 1175 is
1157 1143 1428 1176 infallibilitatem
1452 1143 1488 1175 in
1511 1142 1751 1186 quaestionibus
1770 1143 1850 1176 fidei

1104 1186 1258 1228 promisit
1277 1186 1446 1229 Apostolis
1461 1192 1494 1219 et
1509 1186 1697 1229 pastoribus
1719 1196 1849 1220 sueces-

1105 1229 1850 1314 {Zipfffffifflffs‘ssffiffiuffimqmd

1104 1315 1331 1348 testimonium
1357 1315 1398 1348 de
1425 1315 1560 1350 Christo
1582 1315 1619 1348 in
1633 1315 1849 1349 Testamenta

1103 1358 1240 1398 Vetere,
1262 1359 1352 1401 quid.
1380 1358 1415 1391 ii.
1434 1363 1508 1392 426.
1532 1358 1579 1391 iii.
1603 1362 1721 1391 441-2.
1731 1358 1848 1392 2—hoc

1104 1406 1233 1434 tantum
1249 1407 1399 1442 testatur,
1422 1403 1543 1436 ,Iesum
1568 1412 1641 1435 esse
1663 1401 1846 1436 christum.

1102 1444 1137 1477 ii.
1154 1449 1228 1478 426.

1102 1488 1292 1531 ubieunque
1307 1489 1492 1532 cujuspiam
1508 1487 1608 1521 fidem
1622 1487 1780 1528 laudnvit,
1794 1488 1849 1521 vel

1102 1531 1190 1564 dixit
1203 1534 1286 1573 fides
1308 1538 1363 1563 tua
1380 1537 1407 1563 te
1421 1533 1536 1564 salvum
1548 1533 1637 1572 fecit,
1652 1531 1705 1563 vel
1719 1532 1848 1566 sanavit

1101 1574 1588 1661 gsseffiigffapggg‘ggfflgffg
1599 1573 1848 1658 ibssgrssfflffss

1106 1662 1249 1694 Christus.
1266 1661 1300 1694 ii.
1314 1663 1388 1694 427.
1404 1661 1451 1694 iii.
1467 1665 1542 1694 442.

1100 1704 1158 1737 ille
1169 1715 1236 1737 non
1247 1704 1411 1744 omnibus,
1426 1704 1485 1737 sed
1492 1706 1712 1746 poenitentibus,
1721 1703 1786 1737 hoo
1795 1708 1847 1738 est

1091 1750 1200 1791 justis,
1224 1753 1360 1790 peccata
1382 1747 1533 1781 remittit.
1556 1747 1592 1780 ii.
1611 1751 1846 1790 428z—neque

1100 1790 1254 1823 omnibus
1273 1790 1385 1833 justis,
1402 1791 1460 1823 sed
1475 1791 1556 1824 solis
1570 1789 1783 1824 credentibus
1795 1793 1844 1833 ἰρ-

1099 1846 1165 1866 sum
1178 1846 1239 1866 esse
1252 1835 1412 1867 Christum.
1428 1834 1508 1867 ibid.

1099 1877 1178 1910 fidei
1201 1877 1401 1911 Christianae
1427 1875 1624 1921 hypothesis
1649 1881 1710 1916 est,
1731 1877 1844 1910 Deum

1098 1931 1166 1953 non
1181 1921 1273 1963 loqui
1292 1921 1328 1953 in
1343 1921 1443 1953 rebus
1458 1920 1763 1971 supernaturalibus
1778 1920 1844 1953 nisi

1097 1974 1158 2013 per
1173 1964 1354 2013 Scripturae
1375 1964 1486 1997 Saerae
1506 1968 1706 2006 interpretes
1725 1963 1843 1998 chris-

1098 2012 1215 2039 tianos.
1232 2007 1267 2040 ii.
1281 2011 1421 2040 429-30.

1096 2050 1133 2082 in
1155 2050 1397 2100 rebuspublicis
1420 2048 1622 2084 Christianis
1641 2048 1842 2082 seditionum

1097 2099 1131 2126 et
1145 2093 1222 2126 belli
1231 2093 1338 2126 civilis
1349 2098 1532 2136 praetextus
1545 2097 1597 2125 est
1610 2091 1841 2135 frequentissi-

1097 2147 1181 2175 mus,
1211 2136 1388 2169 difficultas
1416 2137 1492 2169 Deo
1520 2141 1556 2169 et
1582 2135 1712 2168 homini
1740 2135 1843 2169 simul

1096 2179 1282 2212 obediendi.
1298 2179 1345 2212 iii.
1360 2183 1435 2212 434.

1095 2222 1131 2255 in
1143 2222 1424 2261 eeclesiuChristi,
1431 2221 1506 2255 falsi
1516 2232 1576 2265 per
1590 2221 1702 2255 omnin.
1712 2225 1840 2265 tempo-

1094 2276 1133 2298 ra
1147 2265 1288 2298 extitere
1303 2265 1465 2304 doctores,
1505 2265 1540 2298 ui
1558 2265 1839 2298 existimationem

1093 2308 1183 2352 apud
1211 2308 1370 2358 populum
1399 2319 1460 2351 per
1511 2308 1656 2341 oon-inas
1676 2307 1776 2341 falsas
1804 2313 1840 2343 et

1093 2352 1285 2385 fantasticas
1300 2351 1450 2384 obtinere
1464 2351 1672 2385 studuerunt.
1687 2350 1735 2384 iii.
1750 2355 1826 2385 4³4.

1094 2394 1151 2427 ille
1166 2405 1233 2427 non
1255 2404 1356 2427 novas
1381 2394 1458 2427 tulit
1479 2395 1580 2444 leges,
1596 2394 1656 2427 sed
1669 2394 1838 2428 custodire

1093 2437 1207 2470 docuit
1221 2448 1303 2480 quas
1318 2437 1487 2470 habemus.
1503 2437 1550 2470 i1i.
1566 2442 1640 2471 436.

1093 2481 1165 2523 ejus
1176 2486 1388 2524 praeceptum‚
1404 2481 1518 2513 Scribae
1526 2487 1555 2513 et
1566 2481 1727 2513 mamea·
1736 2483 1838 2514 eodem

1093 2527 1127 2555 in
1149 2525 1293 2555 cathedra
1319 2526 1428 2563 ᾹῙοείε,
1450 2526 1552 2556 omnia
1659 2526 1838 2566 quantem

1092 2569 1242 2599 observate
1267 2572 1295 2598 et
1314 2570 1426 2609 facite,
1453 2567 1586 2610 quando
1599 2567 1710 2600 locum
1724 2567 1834 2601 habet.

1091 2609 1139 2642 iii.
1165 2613 1229 2643 435
1245 2609 1389 2649 :—item,
1431 2616 1645 2653 praeceptum,
1677 2622 1715 2642 ne
1739 2612 1836 2643 &nde

1090 2664 1138 2685 σοι
1159 2655 1211 2695 φα·
1235 2655 1375 2685 occidunt
1396 2665 1514 2695 corpus,
1537 2655 1590 2686 aad
1609 2655 1742 2686 ani-m
1754 2655 1835 2686 ocei-

1090 2698 1158 2728 dere
1173 2708 1232 2728 non
1242 2702 1378 2737 meunt.
1391 2696 1472 2729 ibid.

1089 2738 1300 2772 dilectionem
1323 2739 1389 2772 Dei
1409 2745 1443 2772 et
1466 2738 1611 2790 proximi
1632 2738 1835 2783 totiuslegrls

1090 2781 1315 2832 impletionem
1329 2788 1432 2815 vocat.
1446 2782 1494 2815 iix.
1509 2787 1584 2816 436.

1090 2836 1164 2868 quis
1185 2825 1386 2869 intelligitur
1409 2836 1469 2869 por
1483 2836 1604 2859 nomen
1626 2824 1763 2859 Christi.
1782 2824 1831 2859 iii.

1089 2911 1118 2945 si
1147 2922 1207 2945 rex
1239 2912 1461 2952 Christianus,
1493 2911 1552 2955 qui
1581 2910 1831 2946 tundamentum

1964 0 1982 138 l

1973 138 1982 185 ,Ξ

1972 187 1982 223 ι

1974 225 1982 294 ἰ

1976 667 1982 702 1³

1977 1425 1982 1437 1
1978 1365 1982 1383 ,..
1975 1252 1982 1338 ...μ-η.-
1978 1179 1982 1214 ..-..

1973 1927 1982 2070 —ae„-....l..

1970 2395 1982 2478 ἐ
