1982 3204
143 402 254 428 PROP.
272 403 326 430 Vl.

142 450 330 471 κ--Υ--κ

387 270 483 313 228
786 281 1103 317 TRACTATUS
1132 281 1384 316 OPTICUS.

386 390 546 438 minus
582 389 704 438 lucis
742 391 780 438 B
817 392 909 440 erit
944 393 1201 440 immersus
1235 392 1286 439 in
1317 391 1533 439 medium
1571 390 1775 439 densum

386 475 570 528 quanta
607 474 683 514 est
725 466 958 515 distantia
996 468 1199 515 minima
1235 468 1364 515 inter
1394 476 1580 515 rectam
1615 467 1701 514 ED
1725 475 1777 514 et

387 541 479 588 sibi
514 541 796 605 parallelam
834 543 969 601 GFL,
1018 543 1119 590 sive
1166 543 1440 606 quantitate
1487 543 1628 590 lineae
1663 542 1776 599 LM,

387 625 505 664 tunc
530 634 640 666 cum
665 618 790 666 alter
813 619 1050 666 terminus
1083 627 1157 666 est
1192 619 1242 666 in
1278 618 1532 682 superficie
1558 618 1775 681 ejusdem

387 693 535 740 medii
576 693 727 741 densi.
804 694 964 742 Ducta
1004 695 1153 757 igitur
1187 702 1322 742 recta
1356 711 1385 742 a
1417 701 1602 757 puncto
1638 694 1678 740 E
1713 693 1778 741 ad

386 775 569 816 rectam
595 769 692 826 GL,
728 769 898 816 eadem
935 770 1242 832 longitudine
1267 787 1363 834 qua
1399 777 1473 817 est
1503 769 1632 816 linea
1654 768 1776 815 lucis

386 844 490 902 AB,
515 845 589 892 vel
617 845 717 902 CD,
755 861 864 908 quae
903 846 966 893 sit
999 846 1091 903 EF,
1126 847 1218 893 erit
1254 847 1357 908 jam
1386 846 1467 892 EF
1490 845 1620 892 linea
1652 844 1776 892 lucis

379 927 680 985 propagata
715 936 935 984 eousque.
1007 922 1254 970 Quoniam
1286 930 1451 969 autem
1474 921 1629 968 latera
1652 919 1777 967 radii

385 1004 564 1043 exeunt
610 1013 639 1043 a
679 995 812 1043 linea
851 996 975 1044 lucis
1011 996 1494 1060 perpendiculariter,
1534 995 1778 1043 ducantur

384 1070 810 1133 perpendiculares
846 1071 909 1118 ad
941 1072 1095 1134 ipsam
1120 1072 1200 1119 EF
1221 1079 1370 1119 rectae
1394 1071 1500 1128 EN,
1539 1070 1636 1126 FO,
1663 1086 1777 1133 pro-

384 1147 644 1209 pagabitur
684 1146 768 1194 lux
814 1147 943 1194 inter
982 1147 1237 1209 parallelas
1278 1147 1384 1202 EN,
1425 1147 1522 1194 FO.
1611 1146 1776 1194 Quare

384 1222 558 1269 EFNO
596 1221 690 1269 erit
724 1220 888 1268 radius
929 1221 1184 1280 refractus,
1226 1230 1275 1269 et
1314 1221 1457 1270 cadet
1502 1221 1776 1268 necessario

385 1298 513 1344 latus
541 1297 631 1344 EN
669 1297 797 1344 inter
820 1297 885 1344 EI
910 1304 960 1344 et
982 1297 1437 1360 perpendicularem
1465 1297 1528 1344 ad
1557 1297 1774 1363 planum,

385 1388 493 1435 quae
528 1379 601 1419 est
627 1372 732 1428 ΕΚ,
774 1379 824 1418 et
859 1371 988 1418 latus
1021 1372 1102 1420 FO
1134 1373 1264 1420 inter
1297 1373 1383 1420 BD
1412 1372 1701 1435 productam
1725 1379 1775 1418 et

382 1447 836 1511 perpendicularem
874 1447 937 1494 ad
971 1446 1102 1494 idem
1142 1447 1343 1510 planum
1380 1447 1472 1494 sibi
1513 1447 1775 1494 contermi-

383 1541 511 1572 nam.
579 1524 691 1572 Jam
730 1524 770 1570 si
798 1539 887 1586 pro
923 1523 1182 1572 latitudine
1206 1524 1294 1572 AB
1324 1539 1571 1572 sumamus
1607 1523 1775 1572 latitu-

385 1600 548 1648 dinem
573 1599 698 1647 radii
722 1600 961 1646 minorem
986 1600 1156 1662 quavis
1180 1600 1519 1663 magnitudine
1543 1599 1675 1658 data,
1694 1598 1778 1647 de-

383 1675 674 1723 monstratio
709 1675 815 1722 haec
840 1674 1012 1722 eadem
1036 1675 1250 1723 existens
1285 1675 1611 1738 applicabitur
1632 1674 1775 1723 lineae

383 1752 490 1809 EN,
515 1759 572 1798 ut
594 1751 684 1798 EN
710 1751 771 1798 sit
796 1751 898 1814 ipse
925 1750 1087 1798 radius
1116 1751 1354 1799 refractus
1376 1766 1543 1799 versus
1565 1766 1774 1814 perpen-

385 1826 651 1874 dicularem
675 1827 780 1874 EK.
851 1826 1016 1874 Quare
1055 1826 1219 1874 radius
1255 1842 1282 1874 e
1318 1826 1478 1874 medio
1513 1842 1642 1886 raro,
1679 1834 1772 1875 etc.

387 1901 535 1951 Quod
559 1908 664 1949 erat
688 1901 1007 1964 probandum.

852 2051 1183 2085 PROPOSITIO
1207 2053 1308 2086 VII.

381 2120 575 2168 Radius
599 2137 625 2167 e
649 2120 809 2168 medio
836 2120 987 2168 denso
1026 2119 1247 2168 incidens
1278 2119 1471 2185 oblique
1495 2120 1545 2168 in
1567 2120 1773 2168 medium

450 2196 634 2255 rarius,
661 2197 800 2258 cnjus
832 2196 1121 2260 superficies
1153 2203 1231 2244 est
1263 2196 1444 2261 plana,
1469 2195 1773 2260 refringitur

449 2272 501 2320 in
520 2277 698 2336 partes
722 2287 927 2319 aversas
951 2288 982 2319 a
998 2271 1372 2336 perpendiculo.

451 2364 526 2411 Sit
545 2363 632 2410 ΕΙ)
656 2363 708 2410 in
741 2363 996 2426 superficie
1032 2363 1179 2426 plana
1214 2363 1362 2410 medii
1385 2362 1598 2422 rarioris,
1624 2362 1694 2411 ita
1717 2371 1772 2411 ut

383 2439 515 2503 quod
539 2445 612 2486 est
636 2454 783 2502 supra
806 2438 893 2486 ED
918 2438 982 2485 sit
1007 2438 1222 2485 medium
1247 2438 1459 2496 densius,
1484 2437 1615 2501 quod
1644 2438 1773 2486 infra

381 2515 553 2563 rarius.
628 2514 800 2576 Sitque
836 2513 888 2560 in
930 2513 1089 2560 medio
1129 2513 1279 2561 denso
1313 2513 1442 2561 linea
1476 2513 1615 2571 lucis,
1652 2521 1773 2576 puta

381 2590 494 2638 solis
532 2589 839 2646 diametrum,
878 2588 995 2635 AB:
1038 2603 1068 2635 a
1109 2603 1204 2651 qua
1244 2596 1386 2635 exeat
1426 2587 1592 2636 radius
1633 2590 1771 2652 cujus

380 2666 535 2714 latera
558 2665 660 2722 ΑΕ,
686 2664 773 2711 BD
812 2664 910 2711 sint
944 2662 1007 2710 ad
1035 2662 1123 2710 AB
1156 2662 1595 2726 perpendicularis„
1620 2672 1671 2712 et
1707 2664 1771 2712 ad

379 2740 579 2804 planum
603 2740 690 2787 ED
715 2738 925 2801 obliqua.
996 2738 1271 2801 Propagato
1295 2737 1445 2801 igitur
1467 2738 1623 2787 altero
1647 2739 1769 2788 lucis

379 2815 590 2864 termino
614 2814 676 2862 ad
699 2814 897 2878 planum
923 2813 1009 2861 ED
1027 2812 1079 2860 in
1096 2820 1279 2876 puncto
1305 2813 1365 2872 D,
1385 2813 1508 2862 alter
1530 2815 1767 2863 terminus

379 2907 479 2939 non
514 2889 864 2954 propagabitur
902 2888 1045 2936 simul
1084 2888 1146 2936 ad
1171 2888 1371 2952 planum
1406 2889 1457 2936 in
1491 2897 1675 2953 puncto
1708 2890 1765 2950 E,
