<?xml version="1.0" encoding="UTF-8"?>
<!DOCTYPE html PUBLIC "-//W3C//DTD XHTML 1.0 Transitional//EN"
    "http://www.w3.org/TR/xhtml1/DTD/xhtml1-transitional.dtd">
<html xmlns="http://www.w3.org/1999/xhtml" xml:lang="en" lang="en">
 <head>
  <title>
</title>
<meta http-equiv="Content-Type" content="text/html;charset=utf-8" />
  <meta name='ocr-system' content='tesseract 3.04.00' />
  <meta name='ocr-capabilities' content='ocr_page ocr_carea ocr_par ocr_line ocrx_word'/>
</head>
<body>
  <div class='ocr_page' id='page_1' title='image "./operaphilosophic05hobbuoft/operaphilosophic05hobbuoft_0207.png"; bbox 0 0 1982 3204; ppageno 0'>
   <div class='ocr_carea' id='block_1_1' title="bbox 515 264 1601 311">
    <p class='ocr_par' dir='ltr' id='par_1_1' title="bbox 515 264 1601 311">
     <span class='ocr_line' id='line_1_1' title="bbox 515 264 1601 311; baseline 0.001 -5"><span class='ocrx_word' id='word_1_1' title='bbox 515 272 761 311; x_wconf 75' lang='lat' dir='ltr'><strong>AmQuo‘r</strong></span> <span class='ocrx_word' id='word_1_2' title='bbox 787 270 1147 305; x_wconf 64' lang='lat' dir='ltr'><strong>Geoummca</strong></span> <span class='ocrx_word' id='word_1_3' title='bbox 1176 272 1291 306; x_wconf 72' lang='lat' dir='ltr'><strong>arc.</strong></span> <span class='ocrx_word' id='word_1_4' title='bbox 1510 264 1601 307; x_wconf 85' lang='lat'><strong>199</strong></span> 
     </span>
    </p>
   </div>
   <div class='ocr_carea' id='block_1_2' title="bbox 214 381 1826 447">
    <p class='ocr_par' dir='ltr' id='par_1_2' title="bbox 214 381 1826 447">
     <span class='ocr_line' id='line_1_2' title="bbox 214 381 1826 447; baseline 0 -16"><span class='ocrx_word' id='word_1_5' title='bbox 214 386 274 431; x_wconf 87' lang='lat'><strong>15</strong></span> <span class='ocrx_word' id='word_1_6' title='bbox 314 383 378 432; x_wconf 91' lang='lat' dir='ltr'><strong>ad</strong></span> <span class='ocrx_word' id='word_1_7' title='bbox 414 388 461 442; x_wconf 88' lang='grc'><strong>8,</strong></span> <span class='ocrx_word' id='word_1_8' title='bbox 499 382 793 447; x_wconf 85' lang='lat' dir='ltr'>relinquitur</span> <span class='ocrx_word' id='word_1_9' title='bbox 826 381 889 443; x_wconf 55' lang='grc' dir='ltr'><strong>ξς,</strong></span> <span class='ocrx_word' id='word_1_10' title='bbox 919 381 971 430; x_wconf 93' lang='lat' dir='ltr'><strong>id</strong></span> <span class='ocrx_word' id='word_1_11' title='bbox 994 389 1070 430; x_wconf 89' lang='lat' dir='ltr'><strong>est</strong></span> <span class='ocrx_word' id='word_1_12' title='bbox 1102 388 1145 439; x_wconf 59' lang='grc' dir='ltr'><strong>ᾖ.</strong></span> <span class='ocrx_word' id='word_1_13' title='bbox 1217 381 1438 430; x_wconf 89' lang='lat' dir='ltr'><strong>Solidum</strong></span> <span class='ocrx_word' id='word_1_14' title='bbox 1480 398 1599 447; x_wconf 87' lang='lat' dir='ltr'><strong>ergo</strong></span> <span class='ocrx_word' id='word_1_15' title='bbox 1674 405 1764 431; x_wconf 65' lang='lat' dir='ltr'><strong>cu».</strong></span> <span class='ocrx_word' id='word_1_16' title='bbox 1786 406 1826 431; x_wconf 85' lang='lat' dir='ltr'><strong>x.</strong></span> 
     </span>
    </p>
   </div>
   <div class='ocr_carea' id='block_1_3' title="bbox 1654 451 1844 468">
    <p class='ocr_par' dir='ltr' id='par_1_3' title="bbox 1654 451 1844 468">
     <span class='ocr_line' id='line_1_3' title="bbox 1654 451 1844 468; baseline 0.011 -4"><span class='ocrx_word' id='word_1_17' title='bbox 1654 451 1844 468; x_wconf 40' lang='lat' dir='ltr'><strong>b—Q—-d</strong></span> 
     </span>
    </p>
   </div>
   <div class='ocr_carea' id='block_1_4' title="bbox 184 457 1887 2941">
    <p class='ocr_par' dir='ltr' id='par_1_4' title="bbox 206 457 1887 605">
     <span class='ocr_line' id='line_1_4' title="bbox 207 457 1887 523; baseline -0.001 -16"><span class='ocrx_word' id='word_1_18' title='bbox 207 458 349 520; x_wconf 88' lang='lat' dir='ltr'><strong>cujus</strong></span> <span class='ocrx_word' id='word_1_19' title='bbox 373 458 500 507; x_wconf 85' lang='lat' dir='ltr'><strong>basis</strong></span> <span class='ocrx_word' id='word_1_20' title='bbox 524 467 599 507; x_wconf 91' lang='lat' dir='ltr'><strong>est</strong></span> <span class='ocrx_word' id='word_1_21' title='bbox 630 458 806 521; x_wconf 87' lang='lat' dir='ltr'><strong>spirale</strong></span> <span class='ocrx_word' id='word_1_22' title='bbox 838 458 1066 521; x_wconf 90' lang='lat' dir='ltr'><strong>spatium,</strong></span> <span class='ocrx_word' id='word_1_23' title='bbox 1090 464 1164 504; x_wconf 88' lang='lat' dir='ltr'><strong>est</strong></span> <span class='ocrx_word' id='word_1_24' title='bbox 1199 457 1403 520; x_wconf 86' lang='lat' dir='ltr'><strong>sphaerae</strong></span> <span class='ocrx_word' id='word_1_25' title='bbox 1427 458 1478 506; x_wconf 91' lang='lat' dir='ltr'><strong>in</strong></span> <span class='ocrx_word' id='word_1_26' title='bbox 1504 475 1600 523; x_wconf 87' lang='lat' dir='ltr'><strong>qua</strong></span> <span class='ocrx_word' id='word_1_27' title='bbox 1620 486 1730 516; x_wconf 62' lang='lat' dir='ltr'><strong>„mm</strong></span> <span class='ocrx_word' id='word_1_28' title='bbox 1742 489 1887 518; x_wconf 56' lang='lat' dir='ltr'><strong>dmm,</strong></span> 
     </span>
     <span class='ocr_line' id='line_1_5' title="bbox 206 531 1885 605; baseline -0.002 -24"><span class='ocrx_word' id='word_1_29' title='bbox 206 533 447 582; x_wconf 80' lang='lat' dir='ltr'><strong>maximus</strong></span> <span class='ocrx_word' id='word_1_30' title='bbox 472 534 683 582; x_wconf 91' lang='lat' dir='ltr'><strong>circulus</strong></span> <span class='ocrx_word' id='word_1_31' title='bbox 706 542 779 581; x_wconf 89' lang='lat' dir='ltr'><strong>est</strong></span> <span class='ocrx_word' id='word_1_32' title='bbox 803 532 993 581; x_wconf 83' lang='lat' dir='ltr'>BCD—</span> <span class='ocrx_word' id='word_1_33' title='bbox 1015 531 1289 580; x_wconf 91' lang='lat' dir='ltr'><strong>dimidium.</strong></span> <span class='ocrx_word' id='word_1_34' title='bbox 1467 574 1472 578; x_wconf 88' lang='lat'><em>.</em></span> <span class='ocrx_word' id='word_1_35' title='bbox 1615 535 1885 605; x_wconf 46' lang='grc' dir='ltr'><strong>ξζίζέᾞζέψῑ·</strong></span> 
     </span>
    </p>

    <p class='ocr_par' dir='ltr' id='par_1_5' title="bbox 202 597 1806 808">
     <span class='ocr_line' id='line_1_6' title="bbox 273 597 1806 671; baseline -0.001 -14"><span class='ocrx_word' id='word_1_36' title='bbox 273 623 355 657; x_wconf 81' lang='lat' dir='ltr'><strong>lx.</strong></span> <span class='ocrx_word' id='word_1_37' title='bbox 401 609 587 657; x_wconf 86' lang='lat' dir='ltr'><strong>Eadem</strong></span> <span class='ocrx_word' id='word_1_38' title='bbox 641 607 874 656; x_wconf 87' lang='lat' dir='ltr'><strong>methodo</strong></span> <span class='ocrx_word' id='word_1_39' title='bbox 926 607 1206 655; x_wconf 86' lang='lat' dir='ltr'><strong>invenietur</strong></span> <span class='ocrx_word' id='word_1_40' title='bbox 1256 608 1599 671; x_wconf 86' lang='lat' dir='ltr'><strong>rectaugulum</strong></span> <span class='ocrx_word' id='word_1_41' title='bbox 1799 597 1806 604; x_wconf 52' lang='lat'>⁸</span> 
     </span>
     <span class='ocr_line' id='line_1_7' title="bbox 204 682 1597 748; baseline 0.001 -17"><span class='ocrx_word' id='word_1_42' title='bbox 204 683 460 748; x_wconf 85' lang='lat' dir='ltr'><strong>quodlibet</strong></span> <span class='ocrx_word' id='word_1_43' title='bbox 495 700 600 733; x_wconf 90' lang='lat' dir='ltr'><strong>esse</strong></span> <span class='ocrx_word' id='word_1_44' title='bbox 632 684 697 732; x_wconf 89' lang='lat' dir='ltr'><strong>ad</strong></span> <span class='ocrx_word' id='word_1_45' title='bbox 726 683 1012 748; x_wconf 89' lang='lat' dir='ltr'><strong>parabolam</strong></span> <span class='ocrx_word' id='word_1_46' title='bbox 1044 682 1138 731; x_wconf 92' lang='lat' dir='ltr'><strong>sibi</strong></span> <span class='ocrx_word' id='word_1_47' title='bbox 1169 682 1456 747; x_wconf 85' lang='lat' dir='ltr'><strong>inscriptam</strong></span> <span class='ocrx_word' id='word_1_48' title='bbox 1485 693 1542 732; x_wconf 87' lang='lat' dir='ltr'><strong>ut</strong></span> <span class='ocrx_word' id='word_1_49' title='bbox 1567 691 1597 733; x_wconf 92' lang='lat'><strong>3</strong></span> 
     </span>
     <span class='ocr_line' id='line_1_8' title="bbox 202 758 322 808; baseline 0.008 -1"><span class='ocrx_word' id='word_1_50' title='bbox 202 758 268 807; x_wconf 87' lang='lat' dir='ltr'><strong>ad</strong></span> <span class='ocrx_word' id='word_1_51' title='bbox 291 765 322 808; x_wconf 81' lang='lat'>2</span> 
     </span>
    </p>

    <p class='ocr_par' dir='ltr' id='par_1_6' title="bbox 188 832 1598 1577">
     <span class='ocr_line' id='line_1_9' title="bbox 269 832 1598 897; baseline -0.002 -14"><span class='ocrx_word' id='word_1_52' title='bbox 269 834 589 883; x_wconf 88' lang='lat' dir='ltr'><strong>Describatur</strong></span> <span class='ocrx_word' id='word_1_53' title='bbox 634 833 765 882; x_wconf 91' lang='lat' dir='ltr'><strong>enim</strong></span> <span class='ocrx_word' id='word_1_54' title='bbox 800 833 1144 896; x_wconf 88' lang='lat' dir='ltr'><strong>rectaugulum</strong></span> <span class='ocrx_word' id='word_1_55' title='bbox 1183 832 1287 896; x_wconf 84' lang='lat' dir='ltr'>(fig.</span> <span class='ocrx_word' id='word_1_56' title='bbox 1304 832 1394 895; x_wconf 90' lang='lat' dir='ltr'><strong>xii)</strong></span> <span class='ocrx_word' id='word_1_57' title='bbox 1442 833 1598 897; x_wconf 65' lang='lat' dir='ltr'><strong>qudd-</strong></span> 
     </span>
     <span class='ocr_line' id='line_1_10' title="bbox 199 907 1596 973; baseline -0.002 -14"><span class='ocrx_word' id='word_1_58' title='bbox 199 926 411 973; x_wconf 87' lang='lat' dir='ltr'><strong>cumque</strong></span> <span class='ocrx_word' id='word_1_59' title='bbox 435 908 629 967; x_wconf 82' lang='lat' dir='ltr'><strong>ABCD,</strong></span> <span class='ocrx_word' id='word_1_60' title='bbox 647 910 696 957; x_wconf 92' lang='lat' dir='ltr'><strong>in</strong></span> <span class='ocrx_word' id='word_1_61' title='bbox 713 910 853 972; x_wconf 86' lang='lat' dir='ltr'><strong>cujus</strong></span> <span class='ocrx_word' id='word_1_62' title='bbox 877 909 1030 956; x_wconf 85' lang='lat' dir='ltr'><strong>latere</strong></span> <span class='ocrx_word' id='word_1_63' title='bbox 1047 907 1133 956; x_wconf 90' lang='lat' dir='ltr'><strong>DC</strong></span> <span class='ocrx_word' id='word_1_64' title='bbox 1150 917 1374 955; x_wconf 87' lang='lat' dir='ltr'><strong>sumatur</strong></span> <span class='ocrx_word' id='word_1_65' title='bbox 1392 909 1596 956; x_wconf 90' lang='lat' dir='ltr'><strong>ubicun-</strong></span> 
     </span>
     <span class='ocr_line' id='line_1_11' title="bbox 199 982 1597 1050; baseline -0.001 -16"><span class='ocrx_word' id='word_1_66' title='bbox 199 1001 295 1050; x_wconf 90' lang='lat' dir='ltr'><strong>que</strong></span> <span class='ocrx_word' id='word_1_67' title='bbox 313 986 408 1043; x_wconf 75' lang='lat' dir='ltr'><strong>Da,</strong></span> <span class='ocrx_word' id='word_1_68' title='bbox 424 985 502 1032; x_wconf 90' lang='lat' dir='ltr'><strong>cui</strong></span> <span class='ocrx_word' id='word_1_69' title='bbox 521 985 570 1032; x_wconf 90' lang='lat' dir='ltr'><strong>in</strong></span> <span class='ocrx_word' id='word_1_70' title='bbox 587 985 740 1032; x_wconf 89' lang='lat' dir='ltr'><strong>latere</strong></span> <span class='ocrx_word' id='word_1_71' title='bbox 757 983 847 1032; x_wconf 92' lang='lat' dir='ltr'><strong>AB</strong></span> <span class='ocrx_word' id='word_1_72' title='bbox 866 991 1087 1031; x_wconf 84' lang='lat' dir='ltr'>sumatur</span> <span class='ocrx_word' id='word_1_73' title='bbox 1104 982 1304 1046; x_wconf 88' lang='lat' dir='ltr'><strong>aequalis</strong></span> <span class='ocrx_word' id='word_1_74' title='bbox 1325 983 1412 1031; x_wconf 82' lang='lat' dir='ltr'><strong>Acl</strong></span> <span class='ocrx_word' id='word_1_75' title='bbox 1425 999 1597 1032; x_wconf 90' lang='lat' dir='ltr'><strong>secans</strong></span> 
     </span>
     <span class='ocr_line' id='line_1_12' title="bbox 200 1058 1596 1124; baseline -0.001 -15"><span class='ocrx_word' id='word_1_76' title='bbox 200 1060 507 1124; x_wconf 74' lang='lat' dir='ltr'><strong>diagonalem</strong></span> <span class='ocrx_word' id='word_1_77' title='bbox 533 1058 623 1108; x_wconf 88' lang='lat' dir='ltr'><strong>BD</strong></span> <span class='ocrx_word' id='word_1_78' title='bbox 648 1060 697 1107; x_wconf 88' lang='lat' dir='ltr'><strong>in</strong></span> <span class='ocrx_word' id='word_1_79' title='bbox 731 1059 793 1107; x_wconf 81' lang='lat' dir='ltr'><strong>b:</strong></span> <span class='ocrx_word' id='word_1_80' title='bbox 830 1067 881 1106; x_wconf 90' lang='lat' dir='ltr'><strong>et</strong></span> <span class='ocrx_word' id='word_1_81' title='bbox 915 1059 985 1106; x_wconf 90' lang='lat' dir='ltr'><strong>sic</strong></span> <span class='ocrx_word' id='word_1_82' title='bbox 1013 1059 1100 1106; x_wconf 89' lang='lat' dir='ltr'><strong>fiat</strong></span> <span class='ocrx_word' id='word_1_83' title='bbox 1134 1058 1332 1120; x_wconf 88' lang='lat' dir='ltr'><strong>ubique.</strong></span> <span class='ocrx_word' id='word_1_84' title='bbox 1404 1058 1596 1107; x_wconf 87' lang='lat' dir='ltr'><strong>Deinde</strong></span> 
     </span>
     <span class='ocr_line' id='line_1_13' title="bbox 197 1133 1597 1198; baseline -0.001 -14"><span class='ocrx_word' id='word_1_85' title='bbox 197 1144 256 1184; x_wconf 87' lang='lat' dir='ltr'><strong>ut</strong></span> <span class='ocrx_word' id='word_1_86' title='bbox 280 1135 348 1184; x_wconf 83' lang='lat' dir='ltr'><strong>da</strong></span> <span class='ocrx_word' id='word_1_87' title='bbox 372 1136 552 1198; x_wconf 89' lang='lat' dir='ltr'><strong>ubique</strong></span> <span class='ocrx_word' id='word_1_88' title='bbox 577 1135 640 1183; x_wconf 91' lang='lat' dir='ltr'><strong>ad</strong></span> <span class='ocrx_word' id='word_1_89' title='bbox 660 1135 736 1193; x_wconf 79' lang='lat' dir='ltr'><strong>dc,</strong></span> <span class='ocrx_word' id='word_1_90' title='bbox 758 1136 828 1183; x_wconf 92' lang='lat' dir='ltr'><strong>sic</strong></span> <span class='ocrx_word' id='word_1_91' title='bbox 851 1135 939 1182; x_wconf 87' lang='lat' dir='ltr'><strong>fiat</strong></span> <span class='ocrx_word' id='word_1_92' title='bbox 964 1134 1027 1182; x_wconf 84' lang='lat' dir='ltr'><strong>de</strong></span> <span class='ocrx_word' id='word_1_93' title='bbox 1050 1133 1113 1181; x_wconf 92' lang='lat' dir='ltr'><strong>ad</strong></span> <span class='ocrx_word' id='word_1_94' title='bbox 1137 1133 1225 1181; x_wconf 84' lang='lat' dir='ltr'><strong>db:</strong></span> <span class='ocrx_word' id='word_1_95' title='bbox 1251 1143 1302 1181; x_wconf 87' lang='lat' dir='ltr'><strong>et</strong></span> <span class='ocrx_word' id='word_1_96' title='bbox 1325 1150 1413 1197; x_wconf 92' lang='lat' dir='ltr'><strong>per</strong></span> <span class='ocrx_word' id='word_1_97' title='bbox 1431 1135 1597 1183; x_wconf 90' lang='lat' dir='ltr'><strong>omnia</strong></span> 
     </span>
     <span class='ocr_line' id='line_1_14' title="bbox 190 1208 1595 1275; baseline -0.001 -16"><span class='ocrx_word' id='word_1_98' title='bbox 190 1219 383 1275; x_wconf 21' lang='lat' dir='ltr'><strong>*puncta</strong></span> <span class='ocrx_word' id='word_1_99' title='bbox 405 1227 434 1258; x_wconf 88' lang='lat' dir='ltr'><strong>e</strong></span> <span class='ocrx_word' id='word_1_100' title='bbox 456 1210 666 1259; x_wconf 88' lang='lat' dir='ltr'><strong>ducatur</strong></span> <span class='ocrx_word' id='word_1_101' title='bbox 689 1211 819 1258; x_wconf 87' lang='lat' dir='ltr'><strong>linea</strong></span> <span class='ocrx_word' id='word_1_102' title='bbox 842 1225 992 1258; x_wconf 88' lang='lat' dir='ltr'><strong>curva</strong></span> <span class='ocrx_word' id='word_1_103' title='bbox 1016 1208 1178 1256; x_wconf 83' lang='lat' dir='ltr'><strong>Bch.</strong></span> <span class='ocrx_word' id='word_1_104' title='bbox 1237 1209 1439 1257; x_wconf 90' lang='lat' dir='ltr'><strong>Lineam</strong></span> <span class='ocrx_word' id='word_1_105' title='bbox 1465 1210 1595 1258; x_wconf 91' lang='lat' dir='ltr'><strong>hanc</strong></span> 
     </span>
     <span class='ocr_line' id='line_1_15' title="bbox 189 1283 1595 1349; baseline -0.001 -14"><span class='ocrx_word' id='word_1_106' title='bbox 189 1302 397 1343; x_wconf 74' lang='lat' dir='ltr'><strong>curvam</strong></span> <span class='ocrx_word' id='word_1_107' title='bbox 422 1302 527 1334; x_wconf 88' lang='lat' dir='ltr'><strong>esse</strong></span> <span class='ocrx_word' id='word_1_108' title='bbox 555 1286 903 1349; x_wconf 86' lang='lat' dir='ltr'><strong>parabolicam,</strong></span> <span class='ocrx_word' id='word_1_109' title='bbox 929 1294 979 1333; x_wconf 88' lang='lat' dir='ltr'><strong>et</strong></span> <span class='ocrx_word' id='word_1_110' title='bbox 1014 1285 1225 1348; x_wconf 85' lang='lat' dir='ltr'><strong>figuram</strong></span> <span class='ocrx_word' id='word_1_111' title='bbox 1249 1283 1448 1332; x_wconf 85' lang='lat' dir='ltr'><strong>ABch</strong></span> <span class='ocrx_word' id='word_1_112' title='bbox 1487 1301 1595 1334; x_wconf 90' lang='lat' dir='ltr'><strong>esse</strong></span> 
     </span>
     <span class='ocr_line' id='line_1_16' title="bbox 196 1360 1591 1424; baseline -0.002 -14"><span class='ocrx_word' id='word_1_113' title='bbox 196 1361 450 1410; x_wconf 88' lang='lat' dir='ltr'><strong>dimidiam</strong></span> <span class='ocrx_word' id='word_1_114' title='bbox 462 1361 719 1424; x_wconf 87' lang='lat' dir='ltr'><strong>parabolae,</strong></span> <span class='ocrx_word' id='word_1_115' title='bbox 729 1360 1063 1408; x_wconf 87' lang='lat' dir='ltr'><strong>mathematici</strong></span> <span class='ocrx_word' id='word_1_116' title='bbox 1077 1360 1392 1407; x_wconf 89' lang='lat' dir='ltr'><strong>consentiunt</strong></span> <span class='ocrx_word' id='word_1_117' title='bbox 1405 1377 1591 1409; x_wconf 85' lang='lat' dir='ltr'><strong>omnes.</strong></span> 
     </span>
     <span class='ocr_line' id='line_1_17' title="bbox 194 1434 1594 1500; baseline 0.001 -15"><span class='ocrx_word' id='word_1_118' title='bbox 194 1437 567 1486; x_wconf 86' lang='lat' dir='ltr'><strong>Ostendendum</strong></span> <span class='ocrx_word' id='word_1_119' title='bbox 593 1453 712 1500; x_wconf 88' lang='lat' dir='ltr'><strong>ergo</strong></span> <span class='ocrx_word' id='word_1_120' title='bbox 735 1444 809 1485; x_wconf 90' lang='lat' dir='ltr'><strong>est</strong></span> <span class='ocrx_word' id='word_1_121' title='bbox 833 1435 1175 1499; x_wconf 83' lang='lat' dir='ltr'><strong>rectaugulum</strong></span> <span class='ocrx_word' id='word_1_122' title='bbox 1193 1434 1375 1485; x_wconf 86' lang='lat' dir='ltr'>ABCD</span> <span class='ocrx_word' id='word_1_123' title='bbox 1400 1452 1505 1485; x_wconf 90' lang='lat' dir='ltr'><strong>esse</strong></span> <span class='ocrx_word' id='word_1_124' title='bbox 1529 1437 1594 1486; x_wconf 90' lang='lat' dir='ltr'><strong>ad</strong></span> 
     </span>
     <span class='ocr_line' id='line_1_18' title="bbox 188 1511 1118 1577; baseline -0.002 -16"><span class='ocrx_word' id='word_1_125' title='bbox 188 1513 601 1577; x_wconf 82' lang='lat' dir='ltr'><strong>-semiparabolam</strong></span> <span class='ocrx_word' id='word_1_126' title='bbox 625 1512 823 1561; x_wconf 84' lang='lat' dir='ltr'><strong>ABch</strong></span> <span class='ocrx_word' id='word_1_127' title='bbox 848 1521 905 1560; x_wconf 90' lang='lat' dir='ltr'><strong>ut</strong></span> <span class='ocrx_word' id='word_1_128' title='bbox 929 1518 959 1560; x_wconf 90' lang='lat'>3</span> <span class='ocrx_word' id='word_1_129' title='bbox 984 1511 1047 1559; x_wconf 90' lang='lat' dir='ltr'><strong>ad</strong></span> <span class='ocrx_word' id='word_1_130' title='bbox 1072 1518 1118 1560; x_wconf 87' lang='lat'><strong>2.</strong></span> 
     </span>
    </p>

    <p class='ocr_par' dir='ltr' id='par_1_7' title="bbox 184 1585 1588 2780">
     <span class='ocr_line' id='line_1_19' title="bbox 262 1585 1588 1652; baseline 0 -15"><span class='ocrx_word' id='word_1_131' title='bbox 262 1588 569 1637; x_wconf 83' lang='lat' dir='ltr'><strong>Describitur</strong></span> <span class='ocrx_word' id='word_1_132' title='bbox 588 1589 718 1637; x_wconf 92' lang='lat' dir='ltr'><strong>enim</strong></span> <span class='ocrx_word' id='word_1_133' title='bbox 738 1588 1079 1652; x_wconf 84' lang='lat' dir='ltr'><strong>rectaugulum</strong></span> <span class='ocrx_word' id='word_1_134' title='bbox 1098 1585 1279 1635; x_wconf 87' lang='lat' dir='ltr'>ABCD</span> <span class='ocrx_word' id='word_1_135' title='bbox 1298 1603 1328 1635; x_wconf 90' lang='lat' dir='ltr'><strong>a</strong></span> <span class='ocrx_word' id='word_1_136' title='bbox 1346 1594 1483 1635; x_wconf 90' lang='lat' dir='ltr'><strong>recta</strong></span> <span class='ocrx_word' id='word_1_137' title='bbox 1500 1587 1588 1637; x_wconf 93' lang='lat' dir='ltr'><strong>AB</strong></span> 
     </span>
     <span class='ocr_line' id='line_1_20' title="bbox 191 1662 1586 1728; baseline -0.001 -16"><span class='ocrx_word' id='word_1_138' title='bbox 191 1671 329 1712; x_wconf 88' lang='lat' dir='ltr'><strong>mota</strong></span> <span class='ocrx_word' id='word_1_139' title='bbox 351 1664 660 1712; x_wconf 83' lang='lat' dir='ltr'><strong>uniformiter</strong></span> <span class='ocrx_word' id='word_1_140' title='bbox 674 1663 938 1728; x_wconf 72' lang='lat' dir='ltr'><strong>paralleldis</strong></span> <span class='ocrx_word' id='word_1_141' title='bbox 956 1662 1020 1711; x_wconf 89' lang='lat' dir='ltr'><strong>ad</strong></span> <span class='ocrx_word' id='word_1_142' title='bbox 1037 1663 1164 1710; x_wconf 91' lang='lat' dir='ltr'><strong>latus</strong></span> <span class='ocrx_word' id='word_1_143' title='bbox 1183 1662 1464 1725; x_wconf 91' lang='lat' dir='ltr'><strong>oppositum</strong></span> <span class='ocrx_word' id='word_1_144' title='bbox 1482 1662 1586 1711; x_wconf 88' lang='lat' dir='ltr'><strong>DC.</strong></span> 
     </span>
     <span class='ocr_line' id='line_1_21' title="bbox 195 1736 1588 1803; baseline -0.001 -16"><span class='ocrx_word' id='word_1_145' title='bbox 195 1738 295 1787; x_wconf 88' lang='lat' dir='ltr'><strong>Sed</strong></span> <span class='ocrx_word' id='word_1_146' title='bbox 324 1739 678 1803; x_wconf 87' lang='lat' dir='ltr'><strong>semiparabola</strong></span> <span class='ocrx_word' id='word_1_147' title='bbox 709 1738 904 1787; x_wconf 84' lang='lat' dir='ltr'><strong>ABch</strong></span> <span class='ocrx_word' id='word_1_148' title='bbox 941 1738 1236 1786; x_wconf 87' lang='lat' dir='ltr'><strong>describitur</strong></span> <span class='ocrx_word' id='word_1_149' title='bbox 1268 1753 1298 1784; x_wconf 92' lang='lat' dir='ltr'><strong>a</strong></span> <span class='ocrx_word' id='word_1_150' title='bbox 1328 1745 1465 1785; x_wconf 91' lang='lat' dir='ltr'><strong>recta</strong></span> <span class='ocrx_word' id='word_1_151' title='bbox 1505 1736 1588 1786; x_wconf 90' lang='lat' dir='ltr'><strong>CB</strong></span> 
     </span>
     <span class='ocr_line' id='line_1_22' title="bbox 192 1812 1588 1878; baseline -0.002 -15"><span class='ocrx_word' id='word_1_152' title='bbox 192 1823 329 1863; x_wconf 88' lang='lat' dir='ltr'><strong>mota</strong></span> <span class='ocrx_word' id='word_1_153' title='bbox 350 1814 414 1863; x_wconf 88' lang='lat' dir='ltr'><strong>ad</strong></span> <span class='ocrx_word' id='word_1_154' title='bbox 436 1815 563 1863; x_wconf 90' lang='lat' dir='ltr'><strong>latus</strong></span> <span class='ocrx_word' id='word_1_155' title='bbox 587 1814 867 1878; x_wconf 87' lang='lat' dir='ltr'><strong>oppositum</strong></span> <span class='ocrx_word' id='word_1_156' title='bbox 891 1812 982 1861; x_wconf 87' lang='lat' dir='ltr'><strong>AB</strong></span> <span class='ocrx_word' id='word_1_157' title='bbox 1012 1814 1245 1861; x_wconf 90' lang='lat' dir='ltr'><strong>continue</strong></span> <span class='ocrx_word' id='word_1_158' title='bbox 1276 1820 1513 1875; x_wconf 88' lang='lat' dir='ltr'><strong>pereunte</strong></span> <span class='ocrx_word' id='word_1_159' title='bbox 1536 1813 1588 1861; x_wconf 87' lang='lat' dir='ltr'><strong>in</strong></span> 
     </span>
     <span class='ocr_line' id='line_1_23' title="bbox 189 1887 1587 1954; baseline -0.003 -15"><span class='ocrx_word' id='word_1_160' title='bbox 189 1890 442 1954; x_wconf 86' lang='lat' dir='ltr'><strong>duplicata</strong></span> <span class='ocrx_word' id='word_1_161' title='bbox 459 1890 650 1938; x_wconf 84' lang='lat' dir='ltr'><strong>ratione</strong></span> <span class='ocrx_word' id='word_1_162' title='bbox 668 1889 902 1952; x_wconf 89' lang='lat' dir='ltr'><strong>temporis</strong></span> <span class='ocrx_word' id='word_1_163' title='bbox 918 1887 1008 1936; x_wconf 88' lang='lat' dir='ltr'><strong>AB</strong></span> <span class='ocrx_word' id='word_1_164' title='bbox 1027 1888 1091 1935; x_wconf 90' lang='lat' dir='ltr'><strong>ad</strong></span> <span class='ocrx_word' id='word_1_165' title='bbox 1116 1897 1308 1951; x_wconf 86' lang='lat' dir='ltr'><strong>tempus</strong></span> <span class='ocrx_word' id='word_1_166' title='bbox 1325 1888 1421 1935; x_wconf 86' lang='lat' dir='ltr'><strong>Da.</strong></span> <span class='ocrx_word' id='word_1_167' title='bbox 1458 1887 1587 1936; x_wconf 90' lang='lat' dir='ltr'><strong>Nam</strong></span> 
     </span>
     <span class='ocr_line' id='line_1_24' title="bbox 188 1963 1587 2027; baseline -0.003 -13"><span class='ocrx_word' id='word_1_168' title='bbox 188 1966 319 2014; x_wconf 84' lang='lat' dir='ltr'><strong>ratio</strong></span> <span class='ocrx_word' id='word_1_169' title='bbox 344 1966 411 2014; x_wconf 83' lang='lat' dir='ltr'><strong>cla</strong></span> <span class='ocrx_word' id='word_1_170' title='bbox 433 1965 497 2014; x_wconf 88' lang='lat' dir='ltr'><strong>ad</strong></span> <span class='ocrx_word' id='word_1_171' title='bbox 521 1965 584 2013; x_wconf 86' lang='lat' dir='ltr'><strong>de</strong></span> <span class='ocrx_word' id='word_1_172' title='bbox 606 1973 682 2013; x_wconf 89' lang='lat' dir='ltr'><strong>est</strong></span> <span class='ocrx_word' id='word_1_173' title='bbox 715 1965 895 2027; x_wconf 91' lang='lat' dir='ltr'><strong>ubique</strong></span> <span class='ocrx_word' id='word_1_174' title='bbox 920 1963 1169 2027; x_wconf 89' lang='lat' dir='ltr'><strong>duplicata</strong></span> <span class='ocrx_word' id='word_1_175' title='bbox 1199 1963 1405 2011; x_wconf 89' lang='lat' dir='ltr'><strong>rationis</strong></span> <span class='ocrx_word' id='word_1_176' title='bbox 1430 1963 1498 2011; x_wconf 86' lang='lat' dir='ltr'><strong>da</strong></span> <span class='ocrx_word' id='word_1_177' title='bbox 1522 1963 1587 2011; x_wconf 92' lang='lat' dir='ltr'><strong>ad</strong></span> 
     </span>
     <span class='ocr_line' id='line_1_25' title="bbox 187 2038 1586 2105; baseline -0.003 -15"><span class='ocrx_word' id='word_1_178' title='bbox 187 2040 279 2090; x_wconf 82' lang='lat' dir='ltr'><strong>ab:</strong></span> <span class='ocrx_word' id='word_1_179' title='bbox 299 2050 351 2090; x_wconf 89' lang='lat' dir='ltr'><strong>et</strong></span> <span class='ocrx_word' id='word_1_180' title='bbox 369 2049 631 2105; x_wconf 88' lang='lat' dir='ltr'><strong>propterea</strong></span> <span class='ocrx_word' id='word_1_181' title='bbox 654 2041 763 2104; x_wconf 90' lang='lat' dir='ltr'><strong>(per</strong></span> <span class='ocrx_word' id='word_1_182' title='bbox 782 2056 889 2104; x_wconf 89' lang='lat' dir='ltr'><strong>cap.</strong></span> <span class='ocrx_word' id='word_1_183' title='bbox 907 2040 958 2097; x_wconf 89' lang='lat' dir='ltr'><strong>ii,</strong></span> <span class='ocrx_word' id='word_1_184' title='bbox 977 2047 1069 2087; x_wconf 89' lang='lat' dir='ltr'><strong>art.</strong></span> <span class='ocrx_word' id='word_1_185' title='bbox 1089 2040 1143 2100; x_wconf 89' lang='lat'><strong>9)</strong></span> <span class='ocrx_word' id='word_1_186' title='bbox 1166 2054 1335 2087; x_wconf 89' lang='lat' dir='ltr'><strong>omnes</strong></span> <span class='ocrx_word' id='word_1_187' title='bbox 1354 2038 1421 2087; x_wconf 85' lang='lat' dir='ltr'><strong>da</strong></span> <span class='ocrx_word' id='word_1_188' title='bbox 1441 2039 1586 2086; x_wconf 89' lang='lat' dir='ltr'><strong>simul</strong></span> 
     </span>
     <span class='ocr_line' id='line_1_26' title="bbox 187 2115 1585 2179; baseline -0.003 -13"><span class='ocrx_word' id='word_1_189' title='bbox 187 2126 308 2166; x_wconf 75' lang='lat' dir='ltr'><strong>sunt</strong></span> <span class='ocrx_word' id='word_1_190' title='bbox 328 2117 393 2166; x_wconf 91' lang='lat' dir='ltr'><strong>ad</strong></span> <span class='ocrx_word' id='word_1_191' title='bbox 416 2133 585 2165; x_wconf 92' lang='lat' dir='ltr'><strong>omnes</strong></span> <span class='ocrx_word' id='word_1_192' title='bbox 610 2116 674 2164; x_wconf 84' lang='lat' dir='ltr'><strong>dc</strong></span> <span class='ocrx_word' id='word_1_193' title='bbox 698 2116 842 2164; x_wconf 92' lang='lat' dir='ltr'><strong>simul</strong></span> <span class='ocrx_word' id='word_1_194' title='bbox 865 2116 916 2163; x_wconf 88' lang='lat' dir='ltr'><strong>in</strong></span> <span class='ocrx_word' id='word_1_195' title='bbox 941 2115 1191 2179; x_wconf 88' lang='lat' dir='ltr'><strong>duplicata</strong></span> <span class='ocrx_word' id='word_1_196' title='bbox 1213 2115 1406 2162; x_wconf 88' lang='lat' dir='ltr'><strong>ratione</strong></span> <span class='ocrx_word' id='word_1_197' title='bbox 1429 2115 1585 2163; x_wconf 90' lang='lat' dir='ltr'><strong>arith-</strong></span> 
     </span>
     <span class='ocr_line' id='line_1_27' title="bbox 189 2190 1583 2254; baseline -0.001 -14"><span class='ocrx_word' id='word_1_198' title='bbox 189 2192 369 2241; x_wconf 87' lang='lat' dir='ltr'><strong>metica</strong></span> <span class='ocrx_word' id='word_1_199' title='bbox 400 2192 620 2241; x_wconf 91' lang='lat' dir='ltr'><strong>omnium</strong></span> <span class='ocrx_word' id='word_1_200' title='bbox 644 2191 712 2240; x_wconf 84' lang='lat' dir='ltr'><strong>da</strong></span> <span class='ocrx_word' id='word_1_201' title='bbox 736 2191 800 2240; x_wconf 91' lang='lat' dir='ltr'><strong>ad</strong></span> <span class='ocrx_word' id='word_1_202' title='bbox 831 2206 1000 2239; x_wconf 89' lang='lat' dir='ltr'><strong>omnes</strong></span> <span class='ocrx_word' id='word_1_203' title='bbox 1024 2190 1106 2239; x_wconf 83' lang='lat' dir='ltr'><strong>ab.</strong></span> <span class='ocrx_word' id='word_1_204' title='bbox 1175 2191 1351 2252; x_wconf 87' lang='lat' dir='ltr'><strong>Itaque</strong></span> <span class='ocrx_word' id='word_1_205' title='bbox 1374 2190 1427 2238; x_wconf 92' lang='lat' dir='ltr'><strong>id</strong></span> <span class='ocrx_word' id='word_1_206' title='bbox 1450 2190 1583 2254; x_wconf 93' lang='lat' dir='ltr'><strong>quod</strong></span> 
     </span>
     <span class='ocr_line' id='line_1_28' title="bbox 184 2264 1581 2329; baseline -0.002 -13"><span class='ocrx_word' id='word_1_207' title='bbox 184 2266 248 2316; x_wconf 83' lang='lat' dir='ltr'><strong>fit</strong></span> <span class='ocrx_word' id='word_1_208' title='bbox 268 2266 579 2315; x_wconf 88' lang='lat' dir='ltr'><strong>uniformiter</strong></span> <span class='ocrx_word' id='word_1_209' title='bbox 594 2282 625 2314; x_wconf 87' lang='lat' dir='ltr'><strong>a</strong></span> <span class='ocrx_word' id='word_1_210' title='bbox 641 2274 748 2314; x_wconf 90' lang='lat' dir='ltr'><strong>tota</strong></span> <span class='ocrx_word' id='word_1_211' title='bbox 765 2264 872 2324; x_wconf 90' lang='lat' dir='ltr'><strong>AB,</strong></span> <span class='ocrx_word' id='word_1_212' title='bbox 892 2265 943 2313; x_wconf 92' lang='lat' dir='ltr'><strong>id</strong></span> <span class='ocrx_word' id='word_1_213' title='bbox 962 2274 1039 2313; x_wconf 91' lang='lat' dir='ltr'><strong>est</strong></span> <span class='ocrx_word' id='word_1_214' title='bbox 1062 2274 1222 2314; x_wconf 88' lang='lat' dir='ltr'><strong>totum</strong></span> <span class='ocrx_word' id='word_1_215' title='bbox 1241 2266 1581 2329; x_wconf 89' lang='lat' dir='ltr'><strong>rectaugulum</strong></span> 
     </span>
     <span class='ocr_line' id='line_1_29' title="bbox 190 2340 1579 2406; baseline -0.003 -13"><span class='ocrx_word' id='word_1_216' title='bbox 190 2340 386 2401; x_wconf 83' lang='lat' dir='ltr'><strong>ABCD,</strong></span> <span class='ocrx_word' id='word_1_217' title='bbox 410 2343 473 2392; x_wconf 87' lang='lat' dir='ltr'><strong>ad</strong></span> <span class='ocrx_word' id='word_1_218' title='bbox 496 2342 547 2391; x_wconf 92' lang='lat' dir='ltr'><strong>id</strong></span> <span class='ocrx_word' id='word_1_219' title='bbox 571 2342 703 2406; x_wconf 93' lang='lat' dir='ltr'><strong>quod</strong></span> <span class='ocrx_word' id='word_1_220' title='bbox 719 2342 776 2390; x_wconf 87' lang='lat' dir='ltr'><strong>fit</strong></span> <span class='ocrx_word' id='word_1_221' title='bbox 794 2358 825 2390; x_wconf 91' lang='lat' dir='ltr'><strong>a</strong></span> <span class='ocrx_word' id='word_1_222' title='bbox 841 2349 979 2389; x_wconf 92' lang='lat' dir='ltr'><strong>motu</strong></span> <span class='ocrx_word' id='word_1_223' title='bbox 1002 2341 1167 2390; x_wconf 88' lang='lat' dir='ltr'><strong>lateris</strong></span> <span class='ocrx_word' id='word_1_224' title='bbox 1186 2341 1274 2389; x_wconf 92' lang='lat' dir='ltr'><strong>DC</strong></span> <span class='ocrx_word' id='word_1_225' title='bbox 1295 2357 1463 2389; x_wconf 89' lang='lat' dir='ltr'><strong>versus</strong></span> <span class='ocrx_word' id='word_1_226' title='bbox 1488 2341 1579 2389; x_wconf 90' lang='lat' dir='ltr'><strong>AB</strong></span> 
     </span>
     <span class='ocr_line' id='line_1_30' title="bbox 188 2417 1579 2480; baseline -0.001 -14"><span class='ocrx_word' id='word_1_227' title='bbox 188 2426 439 2479; x_wconf 78' lang='lat' dir='ltr'><strong>pereunte,</strong></span> <span class='ocrx_word' id='word_1_228' title='bbox 464 2417 515 2466; x_wconf 93' lang='lat' dir='ltr'><strong>id</strong></span> <span class='ocrx_word' id='word_1_229' title='bbox 544 2427 620 2466; x_wconf 90' lang='lat' dir='ltr'><strong>est</strong></span> <span class='ocrx_word' id='word_1_230' title='bbox 653 2426 876 2465; x_wconf 88' lang='lat' dir='ltr'><strong>cessante</strong></span> <span class='ocrx_word' id='word_1_231' title='bbox 899 2417 961 2465; x_wconf 92' lang='lat' dir='ltr'><strong>ab</strong></span> <span class='ocrx_word' id='word_1_232' title='bbox 986 2433 1150 2480; x_wconf 88' lang='lat' dir='ltr'><strong>opere,</strong></span> <span class='ocrx_word' id='word_1_233' title='bbox 1169 2417 1315 2479; x_wconf 81' lang='lat' dir='ltr'><strong>juxta</strong></span> <span class='ocrx_word' id='word_1_234' title='bbox 1338 2417 1579 2464; x_wconf 88' lang='lat' dir='ltr'><strong>rationem</strong></span> 
     </span>
     <span class='ocr_line' id='line_1_31' title="bbox 189 2491 1579 2557; baseline -0.001 -16"><span class='ocrx_word' id='word_1_235' title='bbox 189 2491 544 2547; x_wconf 71' lang='lat' dir='ltr'><strong>arithmeticam</strong></span> <span class='ocrx_word' id='word_1_236' title='bbox 566 2493 800 2557; x_wconf 90' lang='lat' dir='ltr'><strong>temporis</strong></span> <span class='ocrx_word' id='word_1_237' title='bbox 823 2492 1230 2556; x_wconf 89' lang='lat' dir='ltr'><strong>subduplicatam,</strong></span> <span class='ocrx_word' id='word_1_238' title='bbox 1254 2493 1349 2540; x_wconf 87' lang='lat' dir='ltr'><strong>erit</strong></span> <span class='ocrx_word' id='word_1_239' title='bbox 1371 2492 1423 2540; x_wconf 93' lang='lat' dir='ltr'><strong>id</strong></span> <span class='ocrx_word' id='word_1_240' title='bbox 1446 2492 1579 2555; x_wconf 92' lang='lat' dir='ltr'><strong>quod</strong></span> 
     </span>
     <span class='ocr_line' id='line_1_32' title="bbox 190 2565 1576 2632; baseline 0.001 -19"><span class='ocrx_word' id='word_1_241' title='bbox 190 2565 479 2631; x_wconf 87' lang='lat' dir='ltr'><strong>relinquitur</strong></span> <span class='ocrx_word' id='word_1_242' title='bbox 499 2569 750 2628; x_wconf 90' lang='lat' dir='ltr'><strong>infectum,</strong></span> <span class='ocrx_word' id='word_1_243' title='bbox 765 2584 941 2632; x_wconf 90' lang='lat' dir='ltr'><strong>nempe</strong></span> <span class='ocrx_word' id='word_1_244' title='bbox 965 2567 1153 2617; x_wconf 83' lang='lat' dir='ltr'><strong>CDccB</strong></span> <span class='ocrx_word' id='word_1_245' title='bbox 1172 2584 1270 2616; x_wconf 89' lang='lat' dir='ltr'><strong>una</strong></span> <span class='ocrx_word' id='word_1_246' title='bbox 1293 2583 1405 2631; x_wconf 88' lang='lat' dir='ltr'><strong>pars</strong></span> <span class='ocrx_word' id='word_1_247' title='bbox 1423 2568 1576 2615; x_wconf 84' lang='lat' dir='ltr'><strong>totius</strong></span> 
     </span>
     <span class='ocr_line' id='line_1_33' title="bbox 189 2643 1575 2709; baseline 0.001 -20"><span class='ocrx_word' id='word_1_248' title='bbox 189 2643 460 2706; x_wconf 85' lang='lat' dir='ltr'><strong>rectauguli</strong></span> <span class='ocrx_word' id='word_1_249' title='bbox 468 2643 668 2694; x_wconf 87' lang='lat' dir='ltr'>ABCD:</span> <span class='ocrx_word' id='word_1_250' title='bbox 688 2660 890 2709; x_wconf 91' lang='lat' dir='ltr'><strong>quarum</strong></span> <span class='ocrx_word' id='word_1_251' title='bbox 907 2644 960 2693; x_wconf 92' lang='lat' dir='ltr'><strong>id</strong></span> <span class='ocrx_word' id='word_1_252' title='bbox 973 2644 1105 2708; x_wconf 91' lang='lat' dir='ltr'><strong>quod</strong></span> <span class='ocrx_word' id='word_1_253' title='bbox 1117 2644 1384 2708; x_wconf 89' lang='lat' dir='ltr'><strong>perficitur,</strong></span> <span class='ocrx_word' id='word_1_254' title='bbox 1400 2659 1575 2707; x_wconf 88' lang='lat' dir='ltr'><strong>nempe</strong></span> 
     </span>
     <span class='ocr_line' id='line_1_34' title="bbox 189 2716 1021 2780; baseline 0.005 -17"><span class='ocrx_word' id='word_1_255' title='bbox 189 2716 543 2780; x_wconf 76' lang='lat' dir='ltr'><strong>semiparabola</strong></span> <span class='ocrx_word' id='word_1_256' title='bbox 564 2721 770 2777; x_wconf 75' lang='lat' dir='ltr'><strong>ABoeD,</strong></span> <span class='ocrx_word' id='word_1_257' title='bbox 795 2729 873 2768; x_wconf 89' lang='lat' dir='ltr'><strong>est</strong></span> <span class='ocrx_word' id='word_1_258' title='bbox 896 2720 1021 2768; x_wconf 85' lang='lat' dir='ltr'><strong>duae.</strong></span> 
     </span>
    </p>

    <p class='ocr_par' dir='ltr' id='par_1_8' title="bbox 188 2790 1573 2941">
     <span class='ocr_line' id='line_1_35' title="bbox 258 2790 1573 2859; baseline 0.001 -20"><span class='ocrx_word' id='word_1_259' title='bbox 258 2790 431 2856; x_wconf 84' lang='lat' dir='ltr'><strong>Itaque</strong></span> <span class='ocrx_word' id='word_1_260' title='bbox 463 2795 804 2859; x_wconf 82' lang='lat' dir='ltr'><strong>rectaugulum</strong></span> <span class='ocrx_word' id='word_1_261' title='bbox 825 2795 1006 2844; x_wconf 89' lang='lat' dir='ltr'>ABCD</span> <span class='ocrx_word' id='word_1_262' title='bbox 1046 2802 1123 2843; x_wconf 90' lang='lat' dir='ltr'><strong>est</strong></span> <span class='ocrx_word' id='word_1_263' title='bbox 1157 2793 1424 2843; x_wconf 86' lang='lat' dir='ltr'><strong>earundem</strong></span> <span class='ocrx_word' id='word_1_264' title='bbox 1461 2808 1573 2857; x_wconf 88' lang='lat' dir='ltr'><strong>par-</strong></span> 
     </span>
     <span class='ocr_line' id='line_1_36' title="bbox 188 2866 1572 2941; baseline -0.006 -18"><span class='ocrx_word' id='word_1_265' title='bbox 188 2866 312 2941; x_wconf 57' lang='lat' dir='ltr'><strong>timi}</strong></span> <span class='ocrx_word' id='word_1_266' title='bbox 336 2873 383 2917; x_wconf 85' lang='grc'><strong>3.</strong></span> <span class='ocrx_word' id='word_1_267' title='bbox 449 2867 539 2918; x_wconf 84' lang='lat' dir='ltr'><strong>Est</strong></span> <span class='ocrx_word' id='word_1_268' title='bbox 560 2884 677 2934; x_wconf 84' lang='lat' dir='ltr'><strong>ergo</strong></span> <span class='ocrx_word' id='word_1_269' title='bbox 705 2870 1046 2935; x_wconf 85' lang='lat' dir='ltr'><strong>rectaugulum</strong></span> <span class='ocrx_word' id='word_1_270' title='bbox 1068 2870 1246 2919; x_wconf 86' lang='lat' dir='ltr'>ABCD</span> <span class='ocrx_word' id='word_1_271' title='bbox 1269 2868 1334 2918; x_wconf 90' lang='lat' dir='ltr'><strong>ad</strong></span> <span class='ocrx_word' id='word_1_272' title='bbox 1366 2868 1572 2932; x_wconf 87' lang='lat' dir='ltr'><strong>semipa-</strong></span> 
     </span>
    </p>
   </div>
  </div>
 </body>
</html>
