1982 3204
126 403 390 431 CONTROVER-

178 458 241 483 SIA
262 459 348 484 VIII.

163 504 353 527 ἓ-Γ-κ

401 266 490 308 122
812 275 925 310 Lux
957 274 1386 308 MATHEMATICA.

478 384 795 448 Supponatur
827 385 993 433 datam
1026 402 1131 434 esse
1167 394 1353 434 rectam
1390 386 1626 450 aequalem
1666 385 1802 434 arcui

410 459 515 518 AC,
554 468 604 508 et
649 461 710 508 ab
757 477 815 508 ea
861 461 1160 524 descriptum
1210 478 1379 510 arcum
1416 461 1800 526 quadrantalem.

411 534 571 583 Erunt
594 551 711 599 ergo
736 537 842 595 DC,
860 537 959 595 CA,
984 553 1126 585 arcus
1151 553 1297 601 super
1322 538 1422 596 CA,
1440 537 1670 586 continue
1693 553 1801 601 pro-

408 611 720 673 portionales.

411 686 699 735 Scribantur
723 688 926 736 seorsim
944 689 1030 736 DC
1056 708 1066 736 :
1094 689 1176 736 CA
1193 707 1230 736 :z
1251 688 1335 738 CA
1361 708 1372 736 ε
1399 704 1541 737 arcus
1556 703 1701 752 super
1718 688 1804 736 CA

408 762 472 809 Et
496 763 585 810 sub
611 763 686 811 his
938 764 1031 811 DR
1058 783 1068 811 :
1095 765 1174 812 RS
1191 783 1227 811 z:
1249 765 1328 812 RS
1357 783 1367 811 :
1394 780 1536 812 arcus
1554 779 1699 826 super
1722 764 1802 812 RS

409 837 594 885 Rursus
619 840 707 886 sub
732 839 806 886 his
941 839 1028 886 DT
1054 858 1064 886 :
1090 840 1330 887 TV22TV
1357 856 1529 887 :arcus
1547 839 1802 902 superTV.

407 913 565 960 Erunt
590 922 754 962 autem
786 915 837 961 in
861 915 1062 977 singulis
1098 915 1351 963 ordinibus
1384 915 1728 962 antecedentes
1755 921 1805 962 et

408 998 759 1052 consequentes
778 999 832 1037 ut
857 990 1218 1038 semidiameter
1241 991 1303 1038 ad
1325 1007 1494 1038 arcum
1520 989 1804 1054 quadrantis

408 1080 648 1127 prorsum,
674 1075 723 1114 et
747 1075 802 1114 ut
825 1082 967 1114 arcus
992 1066 1277 1129 quadrantis
1301 1067 1363 1114 ad
1389 1066 1804 1114 semidiametrum

409 1148 693 1189 retrorsum.

478 1216 547 1264 Ut
579 1233 696 1279 ergo
723 1216 808 1264 DC
842 1216 904 1263 ad
929 1216 1026 1274 RS,
1050 1216 1120 1264 ita
1151 1224 1226 1263 est
1253 1216 1331 1264 RS
1356 1217 1418 1264 ad
1453 1233 1622 1264 arcum
1658 1231 1805 1279 super

409 1292 509 1339 TV.
581 1293 751 1355 Itaque
791 1291 894 1349 DC,
912 1291 1008 1350 RS,
1035 1307 1176 1339 arcus
1214 1307 1358 1354 super
1394 1292 1480 1339 TV
1505 1302 1650 1339 erunt
1687 1307 1804 1339 con-

409 1369 547 1416 tinue
582 1367 987 1431 proportionales.
1056 1367 1119 1414 Et
1155 1367 1386 1430 quoniam
1422 1367 1524 1425 DC,
1541 1367 1641 1424 CA,
1661 1382 1804 1414 arcus

410 1459 556 1506 super
580 1443 664 1490 CA
700 1449 814 1489 sunt
851 1441 995 1488 etiam
1030 1441 1260 1488 continue
1291 1442 1693 1505 proportionales,
1717 1441 1804 1489 ha-

411 1520 626 1582 bentque
668 1517 1038 1566 antecedentem
1078 1517 1287 1580 primam
1334 1518 1422 1566 DC
1462 1533 1770 1566 communem
1790 1535 1802 1565 ε

411 1596 538 1643 ratio
563 1610 705 1642 arcus
730 1609 876 1656 super
902 1593 987 1640 CA
1010 1592 1073 1640 ad
1096 1608 1265 1640 arcum
1289 1610 1436 1657 super
1457 1594 1559 1652 TV,
1585 1593 1678 1641 erit
1699 1594 1806 1657 (per

411 1670 599 1718 Euclid.
627 1670 724 1717 xiv.
751 1670 836 1730 28)
866 1668 1115 1731 duplicata
1147 1669 1352 1716 rationis
1378 1669 1463 1717 CA
1486 1669 1550 1717 ad
1574 1669 1670 1717 RS.
1740 1669 1805 1716 Et

406 1754 668 1810 propterea
691 1760 832 1792 arcus
852 1759 997 1806 super
1017 1743 1096 1791 RS
1117 1752 1192 1791 est
1216 1744 1404 1792 medius
1422 1743 1804 1808 proportionalis

407 1823 537 1869 inter
561 1837 729 1868 arcum
753 1835 897 1882 super
922 1819 1010 1866 CA
1026 1828 1075 1866 et
1099 1835 1264 1867 arcum
1290 1836 1435 1883 super
1457 1821 1558 1868 TV.
1626 1820 1739 1869 Jam
1762 1819 1804 1868 si

410 1899 496 1946 DC
520 1899 677 1961 major
700 1897 762 1944 sit
787 1912 931 1959 quam
957 1896 1055 1949 Rs,
1081 1896 1229 1943 etiam
1254 1896 1334 1944 RS
1359 1897 1517 1959 major
1541 1896 1633 1944 erit
1658 1911 1805 1958 quam

409 1990 552 2021 arcus
577 1989 722 2036 super
745 1972 846 2030 TV,
865 1980 914 2018 et
937 1987 1078 2018 arcus
1103 1971 1189 2018 CA
1213 1972 1368 2035 major
1392 1988 1536 2036 quam
1561 1987 1703 2020 arcus
1727 1987 1803 2019 su-

409 2065 499 2113 per
522 2048 619 2096 RS.
692 2048 857 2096 Quare
883 2063 995 2094 cum
1021 2046 1122 2103 DC,
1139 2047 1239 2105 CA,
1265 2063 1406 2095 arcus
1430 2063 1576 2110 super
1600 2046 1688 2096 CA
1707 2047 1805 2095 sint

411 2124 643 2172 continue
666 2123 1071 2186 proportionales,
1096 2139 1239 2170 arcus
1264 2139 1408 2186 super
1431 2124 1532 2183 TV,
1557 2138 1700 2171 arcus
1723 2138 1804 2171 su-

410 2216 497 2263 per
522 2199 619 2257 RS,
645 2214 786 2246 arcus
811 2214 956 2261 super
981 2199 1070 2246 CA
1093 2214 1194 2246 non
1218 2207 1420 2262 possunt
1443 2215 1548 2247 esse
1572 2198 1804 2247 continue

410 2274 814 2338 proportionales.
906 2273 1052 2322 Quod
1111 2282 1185 2322 est
1230 2282 1403 2322 contra
1453 2275 1801 2323 demonstrata.

411 2354 527 2402 Non
550 2361 624 2401 est
648 2368 765 2415 ergo
790 2351 876 2400 DC
901 2352 1057 2413 major
1080 2367 1225 2414 quam
1251 2351 1345 2399 RS.

480 2430 793 2492 Supponatur
839 2442 1006 2474 rursus
1048 2427 1129 2474 RS
1171 2427 1328 2489 major
1374 2442 1520 2489 quam
1562 2425 1673 2473 DC:
1709 2426 1804 2474 erit

413 2522 529 2569 ergo
567 2520 708 2552 arcus
745 2518 890 2566 super
928 2502 1006 2550 RS
1045 2502 1232 2550 medius
1267 2501 1644 2565 proportionalis
1674 2501 1805 2550 inter

413 2598 580 2630 arcum
628 2596 773 2643 super
821 2579 926 2635 TV,
973 2586 1022 2626 et
1067 2579 1301 2641 majorem
1347 2594 1492 2643 quam
1537 2586 1612 2625 est
1659 2593 1803 2626 arcus

414 2673 560 2721 super
610 2656 710 2704 CA.
781 2654 981 2703 Redibit
1026 2670 1143 2717 ergo
1190 2653 1553 2701 inconveniens.
1638 2653 1803 2702 Quare

415 2732 773 2782 semidiameter
796 2730 883 2779 DC
907 2730 1104 2794 aequalis
1130 2737 1204 2777 est
1227 2730 1363 2777 arcui
1382 2728 1462 2776 RS
1481 2747 1492 2775 :
1513 2736 1562 2777 et
1586 2745 1674 2792 per
1690 2744 1802 2777 con-

415 2824 621 2873 sequens
645 2823 786 2857 arcus
809 2806 911 2866 TV,
937 2806 987 2855 id
1010 2814 1099 2866 est,
1126 2805 1236 2854 duae
1260 2805 1444 2869 quintae
1468 2804 1734 2863 arcusCA,
1754 2811 1804 2853 et
