1982 3204
684 268 1126 303 mensus-mm.
1504 265 1601 307 399

213 376 437 433 Quantum
459 377 542 421 illis
562 391 744 433 quorum
764 378 942 435 populos
961 379 1169 435 sapientia
1182 380 1298 436 juvit

271 443 370 487 Aut
390 443 526 487 virtus
540 444 704 500 ingens,
726 444 794 487 vel
813 444 1030 487 decoravit
1049 459 1132 488 eos.

212 509 292 554 Nil
312 510 391 554 tibi
412 510 594 561 Pelides,
615 511 676 553 nil
696 526 810 554 nunc
830 511 910 554 tibi
929 511 1058 554 debet
1079 511 1308 555 Homerus.

270 575 391 620 Vilia
409 577 520 620 dona
539 577 617 620 tibi
631 578 720 633 jam
742 577 903 634 periere
923 584 1009 620 tua.

215 641 384 687 Sufficit
403 658 504 700 ergo
524 643 641 694 mihi,
663 644 698 686 si
719 644 823 699 quid
843 645 950 687 bene
970 643 1123 694 secero,
1144 643 1243 687 vivo
1453 654 1523 671 ··’

271 709 479 752 AEmulus
499 709 697 760 oblatret,
718 710 863 753 laudet
882 709 1042 752 amicus
1062 710 1199 753 homo.
1294 752 1297 757 ,

213 775 294 818 Pr.
328 775 391 818 Hi
411 774 550 832 primi,
571 775 774 831 (dicunt),
798 775 1147 832 Lombardusque
1159 783 1203 819 et
1226 774 1379 820 Scotus
1399 793 1424 820 a
1445 777 1583 828 Duns,

271 839 384 886 Cum
404 841 526 884 sociis
546 841 692 898 primae
712 856 819 897 quos
838 841 1022 885 habuere
1042 842 1209 893 scholae,
1496 848 1605 886 1880

214 907 283 951 Ex
305 907 520 958 Patribus,
545 907 685 951 Sacris
708 907 952 964 Scriptum,
974 915 1019 951 et
1041 907 1262 966 Stagyrita

271 973 438 1023 Mixtis,
458 973 694 1016 doctrinam
714 989 985 1031 composuere
1006 989 1171 1017 novam.

213 1038 429 1097 Linguam
452 1039 684 1082 Romanam
707 1047 872 1083 vertere
893 1039 937 1081 in
959 1038 1281 1084 Gallimatiam¹.

272 1107 359 1149 Sec.
393 1104 542 1149 Sermo
562 1105 692 1161 quis?
731 1106 811 1148 Pr.
845 1105 1073 1162 Apposite.
1096 1106 1400 1149 Ducocaloenus'
1428 1114 1529 1150 erat.

213 1172 300 1215 Soo-
323 1170 519 1226 Quorum
539 1171 758 1215 hominum
779 1172 946 1214 sermo?
987 1173 1066 1214 Pr.
1092 1171 1333 1215 Somnitum
1349 1188 1432 1216 non
1454 1174 1599 1230 procul
1617 1172 1789 1216 umbris.

274 1237 454 1295 Scripsit
472 1252 523 1280 eo
543 1238 702 1281 multos
723 1237 853 1280 Musa
875 1237 1013 1280 Lalia¹
1036 1238 1177 1281 libros,

216 1303 413 1360 Quorum
433 1304 672 1348 doctrinam
693 1304 821 1361 pleno
842 1304 1090 1360 quicunque
1109 1305 1286 1348 bibisset

275 1369 462 1422 Haustu,
485 1378 689 1423 mutatus,
711 1386 797 1414 non
818 1379 910 1414 erat
929 1371 973 1414 id
993 1372 1108 1427 quod
1127 1379 1230 1415 erat„

215 1435 356 1481 Pctus
375 1444 427 1480 ut
445 1437 490 1480 in
509 1453 667 1489 mensa,
688 1438 878 1495 geminas
898 1445 1023 1494 putat
1042 1453 1132 1482 esse
1158 1439 1376 1483 lucernas:

277 1502 350 1548 Sic
368 1518 511 1561 regem
531 1504 603 1548 ille
624 1520 750 1547 suum
770 1504 958 1561 concipit
976 1520 1067 1548 esse
1086 1505 1208 1549 duos.
1502 1509 1612 1548 1890

218 1568 286 1614 Ut
305 1570 381 1626 qui
400 1570 600 1614 veneficae
620 1577 815 1628 gustarat
835 1571 987 1628 pocula
1009 1570 1169 1622 Circes,

276 1636 372 1680 Illic
390 1651 415 1680 e
434 1652 566 1694 puero
585 1637 636 1680 fit
655 1637 795 1694 lupus,
817 1653 955 1687 ursus,
977 1652 1093 1694 aper,

215 1701 281 1747 Et
297 1702 455 1747 sicures
474 1703 651 1761 vigilare
664 1704 875 1760 jubentur
894 1703 947 1746 ad
967 1704 1076 1747 atria
1091 1702 1263 1754 Circes3

278 1767 350 1812 Sic
369 1768 499 1826 Papis
519 1769 674 1813 debent
696 1770 928 1827 advigilare
949 1770 1116 1813 scholae.

219 1833 344 1879 Sicut
362 1850 479 1879 amor
498 1835 602 1879 Loti
622 1836 755 1879 socios
774 1835 960 1879 mutavit
981 1835 1165 1893 Ulyssis,

275 1899 349 1944 Ne
367 1901 528 1945 vellent
547 1903 694 1959 patriae
713 1902 810 1959 plus
829 1901 1071 1945 meminisse
1092 1917 1179 1945 suae
1198 1919 1208 1944 :

221 1965 294 2012 Sic
313 1966 444 2024 Papis
462 1968 576 2012 cives
595 1968 794 2026 adjunxit
812 1967 903 2011 vita
922 1967 1136 2019 scholaris,

276 2032 485 2090 Fecitque
504 2049 672 2077 aversos
691 2034 863 2091 regibus
882 2049 973 2077 esse
992 2034 1092 2077 suis.

220 2099 321 2144 Hoc
339 2115 510 2157 quoque
530 2116 606 2157 par
626 2100 765 2143 Ithaci
785 2099 909 2143 sociis
927 2107 1006 2151 est,
1027 2107 1158 2156 atque
1177 2099 1369 2152 scholari,

277 2166 478 2210 Mutatus
497 2167 635 2224 specie
656 2173 707 2210 ut
726 2182 771 2210 se
790 2173 916 2224 putet
936 2182 1027 2210 esse
1046 2167 1200 2211 virum.
1504 2170 1612 2210 1900

221 2232 516 2291 Egressusque
536 2233 688 2277 scholae
707 2233 908 2284 tenebris,
929 2247 1037 2289 quos
1057 2233 1257 2277 convenit
1282 2248 1441 2284 omme,

279 2298 526 2343 Communis
544 2299 646 2343 vitae
665 2299 832 2343 nescius
850 2299 954 2356 ipse,
976 2299 1111 2343 docet.

221 2363 461 2418 Exclamat,
480 2366 647 2418 clamat,
668 2366 877 2410 declamat
895 2365 1091 2409 fortiter:
1124 2380 1269 2410 omnes

281 2429 590 2489 Intempestive
609 2432 786 2490 corrigit
804 2438 935 2488 atque
955 2432 1094 2476 docet.

227 2495 498 2554 Simpliciter,
518 2506 609 2542 κατὰ
626 2519 673 2550 τι,
693 2498 851 2556 typice,
872 2498 1025 2555 topice,
1045 2497 1259 2555 tropiceve

284 2561 454 2614 Omnia,
473 2578 571 2620 quae
589 2563 757 2608 libitum
779 2571 846 2607 est
863 2564 1016 2616 dicere,
1037 2579 1137 2607 vera
1161 2563 1276 2606 facit.

228 2628 347 2673 Huic
363 2628 582 2673 hominum
600 2630 747 2688 generi
766 2630 1013 2673 mandatum
1033 2637 1100 2674 est
1112 2629 1347 2686 justificare

285 2693 456 2746 Omnia,
474 2709 572 2751 qua·
590 2695 729 2740 voluit
746 2696 867 2755 Papa
884 2711 1035 2741 vocare
1054 2696 1233 2740 Fidem:

228 2759 582 2818 Obsequiumque
603 2760 741 2806 Sacra
758 2762 859 2807 dare
878 2770 984 2807 tunc
1003 2763 1094 2806 sine
1114 2762 1251 2806 limite
1273 2760 1386 2813 sedi,

709 2890 720 2911 ¹
747 2893 855 2940 [Vide
869 2893 1140 2939 Gnosium]
