1982 3204
595 299 851 337 CENSURA
880 298 1098 334 naevis.
1482 288 1543 338 79

573 468 904 504 PROPOSITIO
939 467 1123 501 xxvn,

218 556 280 605 In
314 555 621 620 comparatis
651 553 877 612 motibus,
902 552 1076 601 virium
1110 550 1325 616 gradem,
1351 551 1544 598 caeteris
1565 567 1676 592 mov.
1695 567 1824 593 xxvn.

143 631 373 697 paribus,
396 638 510 679 sunt
534 632 584 679 in
606 630 800 678 ratione
824 645 925 692 quae
954 644 1017 676 ex
1042 627 1321 695 ponderum
1345 633 1396 673 et
1420 626 1545 674 cele·
1599 614 1789 636 W

150 708 356 757 ritatum
378 705 656 755 rationibus
680 704 999 769 componitur.

219 782 446 832 Ridicula
468 789 557 829 est.
629 781 740 828 Sint
776 780 907 827 enim
940 778 1038 826 duo
1071 778 1295 825 homines
1320 777 1365 824 A
1399 785 1448 824 et
1474 777 1542 824 B:

149 859 424 921 habeatque
456 857 499 905 A
531 857 629 904 vim
664 864 721 903 ut
755 861 803 914 2,
839 855 878 902 B
914 855 1013 902 vim
1055 862 1111 901 ut
1140 859 1194 901 1:
1231 860 1282 901 et
1321 852 1546 925 celeritas

150 935 361 984 hominis
395 934 443 982 A
476 933 540 981 ad
577 932 879 980 celeritatem
917 931 1128 978 hominis
1166 930 1222 988 B,
1255 938 1311 978 ut
1348 931 1376 977 2
1410 929 1473 976 ad
1503 924 1542 977 1².

151 1011 285 1074 Ergo
308 1009 435 1058 ratio
458 1008 635 1056 virium
662 1008 706 1055 A
730 1007 792 1055 ad
815 1008 944 1055 vires
970 1006 1027 1063 B,
1051 1005 1325 1069 composita
1348 1004 1451 1052 erit
1484 1020 1545 1052 ex

151 1084 342 1133 ratione
364 1083 597 1147 ponderis
619 1082 765 1130 unius
785 1081 999 1129 hominis
1023 1080 1086 1129 ad
1117 1079 1311 1145 pondus
1343 1079 1545 1127 alterius

151 1159 390 1218 homines,
412 1167 466 1207 et
489 1159 678 1207 ratione
701 1158 965 1206 celeritatis
984 1157 1054 1205 -ad
1071 1156 1394 1204 celeritatem.
1465 1155 1544 1203 Ri-

150 1234 383 1283 «lienium.

218 1309 539 1358 Manifestum
563 1309 694 1358 enim
718 1316 794 1357 est
813 1309 868 1356 in
893 1308 1117 1357 doctri-na
1141 1306 1202 1355 de
1232 1305 1547 1370 ponderibus,

149 1385 344 1451 pondus
367 1394 418 1435 et
436 1386 564 1434 vires
586 1385 794 1434 eandem
819 1400 924 1433 esse
955 1399 1088 1439 rem;
1122 1391 1176 1431 et
1204 1389 1466 1446 propterea
1493 1382 1568 1429 in„

151 1462 445 1526 comparatis
470 1462 699 1519 motibUS,
725 1461 810 1524 qui
831 1462 960 1508 fiunt
983 1476 1013 1508 a
1030 1457 1252 1523 pondere
1288 1467 1338 1506 et
1370 1458 1548 1505 virium

151 1537 326 1602 gradu,
343 1538 471 1586 vires
502 1553 608 1586 esse
631 1545 688 1585 ut
723 1537 830 1600 ipsa
852 1535 1104 1600 pondera;
1139 1549 1248 1592 nec,
1270 1541 1328 1582 ut
1354 1534 1439 1581 ville
1475 1533 1549 1581 di-

154 1614 238 1672 cit,
263 1613 315 1662 in
338 1613 526 1662 ratione
551 1612 822 1676 composita
845 1627 907 1660 ex
929 1611 1146 1675 pondere
1167 1609 1243 1658 *ad
1274 1609 1467 1674 pondus
1498 1615 1549 1656 et

153 1689 403 1739 celeritate
426 1689 491 1738 ad
513 1689 830 1737 celeritatem.

561 1830 895 1865 PROPOSITIO
929 1830 1142 1863 xxvln.

419 1901 606 1950 Datum
630 1900 832 1967 pondus
853 1900 980 1949 data
1003 1900 1053 1948 vi
1075 1914 1281 1948 movere.

220 1994 484 2044 >Problema
505 2002 679 2042 notum
704 2000 794 2042 est.
855 1993 954 2041 Sed
976 1999 1240 2055 antequam
1264 1989 1328 2038 ad
1352 1989 1548 2037 demon-

155 2070 442 2120 strationem
467 2069 714 2127 accedam,
748 2084 907 2133 pauca
937 2068 1029 2116 tibi
1061 2067 1123 2115 de
1153 2067 1225 2115 rei
1261 2072 1438 2113 natura
1472 2079 1550 2111 ex·

155 2146 385 2211 plicanda
406 2154 538 2194 sunt.
607 2145 813 2204 Deinde,
839 2144 900 2192 de
925 2160 984 2193 eo
1009 2142 1140 2208 quod
1163 2142 1395 2207 praestitit
1416 2140 1551 2187 Wal-

153 2222 307 2281 lisius,
326 2221 586 2284 judicabis.

223 2297 385 2345 Primo
408 2296 662 2345 sciendum
694 2304 784 2353 est,
810 2295 943 2359 quod
978 2294 1169 2358 pondus
1208 2294 1365 2356 majus
1401 2307 1431 2339 a
1460 2291 1551 2338 mi-

154 2388 277 2421 nore
300 2388 399 2421 non
422 2379 661 2431 movetur,
683 2372 777 2420 nisi
807 2372 880 2420 vis
909 2371 1091 2419 motrix
1130 2369 1202 2432 (id
1225 2376 1300 2417 est
1330 2367 1552 2432 potentia

155 2448 221 2496 ad
253 2448 577 2510 celeritatem)
605 2448 807 2496 minoris
830 2447 878 2495 vi
914 2447 1122 2495 motrice
1158 2444 1359 2508 majoris
1397 2443 1551 2505 major

157 2523 235 2572 sit.
304 2524 468 2587 Major
489 2531 654 2572 autem
678 2538 782 2571 esse
805 2538 904 2570 non
939 2530 1120 2585 potest,
1144 2521 1230 2568 ubi
1259 2533 1402 2583 pares
1436 2524 1551 2565 sunt

159 2599 553 2648 circumstantiae.
621 2599 724 2647 Aut
754 2614 872 2662 ergo
895 2598 969 2646 vis
1006 2597 1187 2646 motrix
1226 2594 1428 2643 minoris
1465 2608 1552 2639 au-

159 2673 321 2738 genda
339 2690 430 2739 per
457 2674 734 2723 machinam
763 2674 993 2737 aliquam,
1018 2679 1104 2721 aut
1126 2672 1200 2720 vis
1231 2668 1428 2733 majoris
1460 2667 1551 2714 mi-

159 2748 356 2798 nuenda
389 2757 479 2798 est.
548 2750 892 2799 Machinarum
931 2748 995 2796 ad
1029 2748 1158 2796 hanc
1196 2762 1301 2794 rem
1336 2759 1435 2791 una
1476 2751 1551 2789 est

161 2822 296 2871 libra
312 2841 331 2878 ‚·
371 2839 402 2873 a
445 2826 583 2888 cujus
624 2833 796 2873 centro
843 2825 884 2872 si
928 2823 1131 2872 brachia
1175 2822 1275 2869 sint
1321 2818 1551 2879 utrinque

161 2898 383 2961 aequalia,
405 2901 601 2949 termini
637 2900 947 2949 brachiorum
981 2897 1260 2947 describent
1287 2895 1350 2957 (si
1387 2906 1551 2940 move-
