1982 3204
435 247 530 289 268
934 261 1310 296 osssnc'rloNEs

178 381 372 409 onmem
433 366 534 415 sive
558 384 634 417 res
660 386 827 419 omnes
846 388 875 420 a
892 373 997 421 Deo
1017 373 1247 431 diversam,
1269 390 1568 439 quaecunque
1587 377 1819 439 existunt,

185 437 376 505 ,ἐξ-’θ
433 443 495 491 ab
520 444 624 507 ipso
650 461 753 494 esse
777 457 981 497 creatas,

499 518 722 583 Denique
747 538 858 570 cum
882 523 1087 571 dicimus
1115 523 1276 571 ideam
1304 524 1518 588 aliquam
1546 527 1689 575 nobis
1713 544 1818 577 esse

431 593 667 654 innatam,
703 613 802 645 non
837 598 1153 662 intelligimus
1188 599 1321 647 illam
1349 601 1491 649 nobis
1520 618 1712 666 semper
1735 604 1820 652 ob-

430 670 629 729 versari,
655 671 724 719 sic
762 673 888 720 enim
924 674 1058 721 nulla
1094 690 1293 737 prorsus
1335 685 1462 724 esset
1498 678 1689 726 innata:
1733 678 1819 726 sed

430 752 624 793 tantum
647 763 737 795 nos
761 748 941 796 habere
966 749 1016 796 in
1048 750 1189 797 nobis
1223 750 1340 813 ipsis
1372 751 1659 801 facultatem
1682 754 1818 802 illam

430 820 669 869 eliciendi.

934 930 1200 964 OBJECTIO
1227 932 1307 965 xl.

434 1003 659 1068 Totaque
682 1006 756 1053 vis
784 1008 1066 1070 argumenti
1090 1007 1140 1055 in
1164 1025 1220 1055 eo
1244 1015 1336 1066 est,
1362 1010 1498 1073 qnod
1526 1027 1817 1076 cognoscam

475 1080 605 1140 fieri
634 1097 727 1128 non
742 1097 898 1145 posse
932 1089 986 1129 ut
1021 1083 1245 1142 existam,
1280 1084 1402 1132 talis
1432 1092 1625 1135 naturoe
1651 1087 1817 1152 qualis

492 1171 611 1214 sum,
635 1172 804 1220 nempe
827 1157 988 1204 ideam
1006 1158 1110 1206 Dei
1134 1159 1183 1206 in
1206 1175 1279 1206 me
1297 1159 1494 1219 habene,
1518 1162 1615 1209 nisi
1637 1179 1817 1212 revera

491 1231 642 1278 etiam
667 1232 887 1280 existat:
922 1233 1077 1290 Deus,
1103 1234 1313 1298 inquam,
1339 1235 1428 1284 ille
1463 1238 1601 1299 eujus
1625 1239 1741 1287 idea
1765 1239 1815 1288 in

491 1323 566 1354 me
589 1314 680 1355 est.

493 1400 735 1449 Quoniam
762 1417 879 1464 ergo
903 1416 1002 1448 non
1029 1410 1102 1450 est
1128 1401 1517 1451 demonstratum
1541 1420 1630 1453 nos
1654 1405 1814 1454 ideam

424 1475 518 1522 Dei
536 1476 731 1535 habere,
751 1484 800 1524 et
819 1477 1096 1525 Christiana
1117 1477 1289 1542 religio
1307 1495 1394 1527 nos
1410 1480 1597 1543 obligat
1614 1481 1814 1530 credere

422 1551 580 1599 Deum
596 1567 701 1599 esse
716 1552 1155 1616 inconceptibilem,
1173 1553 1266 1601 hoc
1282 1562 1371 1613 est,
1390 1562 1446 1602 ut
1465 1556 1653 1618 opinor,
1673 1558 1813 1621 cujus

420 1628 532 1675 idea
548 1644 647 1676 non
666 1629 897 1677 habetur:
919 1629 1137 1692 sequitur
1155 1630 1466 1678 existentiam
1485 1631 1577 1679 Dei
1590 1648 1690 1680 non
1707 1648 1813 1681 esse

423 1703 823 1763 demonstratam,
848 1705 1002 1752 multo
1027 1705 1188 1752 minus
1213 1706 1530 1755 creationem.

959 1837 1281 1871 RESPONSIO-

489 1914 615 1962 Cum
640 1914 819 1963 dicitur
843 1916 975 1963 Deus
1000 1916 1408 1979 inconceptibilis,
1434 1916 1726 1980 intelligitur
1749 1917 1811 1966 de

420 1997 662 2053 conceptu
685 1990 941 2054 adaequate
973 1991 1110 2038 illum
1143 1991 1606 2055 comprehendente.
1677 1991 1809 2040 Quo-

418 2065 564 2113 modo
589 2073 753 2113 autem
776 2066 888 2114 idea
911 2067 1002 2114 Dei
1028 2067 1283 2125 habeatur,
1309 2067 1371 2115 ad
1401 2083 1631 2115 nauseam
1655 2082 1809 2131 usque

417 2141 681 2203 repetitum
705 2149 799 2190 est:
837 2158 894 2190 ac
928 2142 1052 2190 nihil
1084 2143 1282 2191 omnino
1318 2143 1398 2191 hic
1433 2144 1650 2203 affertur,
1675 2143 1808 2207 quod

418 2215 860 2265 demonstrationes
885 2233 1018 2265 meas
1043 2218 1302 2266 convellat.

911 2358 1176 2393 OBJECTIO
1201 2359 1304 2392 ΧΠ.

681 2442 754 2475 AD
781 2442 1221 2476 ΜΕΒΙΤΑΤΙΟΝΕΜ
1250 2442 1538 2481 QUARTAM.

869 2512 951 2559 De
974 2527 1086 2559 vero
1115 2517 1165 2559 et
1176 2511 1344 2576 falso.

413 2605 576 2668 Atque
596 2604 670 2652 ita
704 2611 837 2652 certe
869 2603 1098 2668 intelligo
1126 2619 1357 2663 errorem,
1383 2611 1625 2669 quatenus
1660 2621 1805 2654 error

477 2686 567 2738 est,
591 2696 684 2728 non
708 2696 817 2728 esse
841 2679 962 2744 quid
981 2679 1133 2738 reale,
1158 2680 1253 2728 sed
1282 2681 1615 2729 tantammodo
1640 2680 1802 2745 defec-

478 2762 592 2803 tum.
651 2755 771 2813 ZVee,
793 2755 1018 2820 proinde,
1040 2755 1112 2803 ad
1127 2755 1393 2803 errandum
1414 2756 1533 2804 mihi
1550 2773 1673 2821 opu-5
1692 2772 1803 2805 esse

476 2831 645 2895 aliqua
658 2837 913 2895 potestate
935 2830 1008 2878 ad
1028 2830 1152 2880 hune
1158 2830 1315 2891 finem
1339 2847 1372 2878 a
1390 2831 1500 2879 Deo
1526 2831 1732 2880 tributa.

476 2942 675 2990 Certum
699 2949 774 2990 est
797 2941 1122 3005 ignorantiam
1147 2940 1487 2990 tantummodo
1505 2957 1610 2990 esse
1628 2940 1790 2990 defec-
