1982 3204
507 274 578 309 ns.
615 274 989 308 »timeamus
1034 275 1209 310 Pacci.
1452 267 1548 318 337

41 381 130 422 ⁴00
162 379 363 426 AEstibus
381 380 447 425 his
467 381 627 426 nullam
644 380 830 439 praefigit
850 381 1102 439 Ephemeris
1119 383 1275 426 horam.

26 1044 128 1086 410

162 446 280 506 Ergo
299 444 400 504 quid
421 448 464 490 in
485 463 610 491 causa
628 448 723 491 est?
781 446 936 490 Paucis
955 447 1015 490 sic
1034 448 1188 505 accipe.
1250 449 1402 492 Prodit

162 513 274 568 Quae
294 513 446 557 tellure
466 529 569 557 cava
588 513 785 570 fontique
805 514 994 557 illabitur
1018 514 1132 557 unda

163 579 360 631 Advena,
381 595 467 624 non
488 580 598 623 istuc
619 581 786 637 proprio
806 580 947 623 delata
965 580 1100 623 canali

161 645 378 697 Pervenit,
398 654 528 702 atque
550 646 694 689 volens
713 646 873 690 alienos
892 654 1072 703 occupat
1090 654 1231 689 ortus:
1441 656 1514 674 ⁴¹³·

163 710 247 757 Sed
267 711 368 755 dum
389 712 590 756 ductricis
609 713 804 768 sequitur
823 712 1003 769 vestigia
1021 712 1220 769 lymphae,

163 777 525 836 Longinquosque
546 779 654 835 petit
674 794 749 835 per
768 789 893 822 terrae
914 778 1075 821 viscera
1094 778 1247 829 sontes,

160 842 303 887 Intrat
322 844 367 887 in
387 844 579 901 angustis
598 844 818 887 subeunda
837 844 1046 887 meatibus
1064 853 1198 887 antra.

162 908 266 954 Huc
284 910 451 966 quoties
471 910 622 953 humor
641 910 874 953 tumefacta
892 909 1041 952 defluit
1060 910 1187 961 unda,

160 974 463 1033 Praecipitique
482 976 645 1018 aditum
665 976 929 1032 comprendit
948 975 1121 1019 flumine
1142 983 1296 1027 totum,

160 1041 364 1086 Protinus
383 1058 487 1085 aura
504 1042 644 1085 locum
665 1042 863 1085 conclusa
882 1050 1041 1093 tuetur,
1057 1042 1265 1099 aquisque

159 1107 374 1166 Pernegat
393 1108 643 1166 ingressum,
665 1124 743 1151 nec
763 1108 922 1152 habens
943 1125 1029 1165 quo
1049 1109 1210 1161 cedere,
1231 1116 1417 1167 pugnat:

160 1174 313 1231 thue
331 1182 397 1218 est
416 1175 622 1232 deprensa
642 1175 745 1218 nihil
767 1176 1031 1219 obfirmatius
1050 1191 1165 1227 aura,

161 1239 357 1285 Sustinet
375 1248 576 1298 urgentes
596 1241 699 1284 exili
718 1257 891 1298 corpore
911 1242 1121 1299 lymphas,

159 1306 289 1358 Tum,
309 1307 500 1351 conferta
519 1307 638 1351 velut
657 1308 693 1350 si
713 1308 846 1364 portis
867 1307 1001 1350 irruat
1020 1308 1147 1351 arctis

159 1372 321 1424 Turba,
341 1373 519 1425 haerent,
540 1374 632 1431 ipso
652 1374 781 1417 defixi
802 1374 846 1416 in
866 1374 1023 1425 limine,
1045 1373 1197 1431 primi;

161 1438 270 1494 Qum
289 1440 484 1496 sequitur
503 1447 589 1483 stat
610 1456 686 1497 pro
706 1440 870 1484 foribus
890 1441 1046 1497 stipata
1065 1448 1248 1491 caterva,

159 1504 352 1562 Parsque
373 1514 497 1564 urget
517 1507 663 1557 socios,
684 1507 785 1550 alias
805 1507 1008 1550 dilabitur
1026 1514 1071 1550 et
1090 1522 1187 1563 pars

161 1570 406 1627 Qnaesitura
426 1572 538 1615 vias:
571 1573 768 1616 exclusus
787 1573 951 1616 defluus
970 1573 1123 1616 humor

162 1637 368 1688 Intumet,
391 1638 699 1696 impatiensque
719 1655 849 1683 morae
869 1639 1123 1696 expatiatur,
1144 1644 1190 1681 et
1206 1652 1350 1680 errans

162 1703 353 1748 Fertur
341 1721 385 1747 in
405 1705 519 1749 hunc
539 1705 714 1757 fontem,
734 1706 946 1748 lentarum
966 1705 1171 1762 impulsor
1189 1719 1411 1760 aquarum.

162 1770 282 1815 Hinc
299 1771 351 1814 fit
369 1779 466 1829 post
485 1788 660 1829 magnos
678 1772 816 1830 guttis
836 1771 1092 1829 pluvialibus
1107 1771 1262 1814 imbres

162 1836 438 1880 Transmissis
456 1845 586 1880 aestus
605 1838 696 1881 fieri
716 1839 897 1888 crebros,
919 1845 964 1881 et
981 1837 1026 1880 in
1046 1837 1170 1881 horas

160 1902 364 1947 Fluctum
383 1903 455 1960 (ut
473 1906 609 1959 nunc)
631 1903 791 1947 vicibus
811 1903 903 1947 tolli
923 1910 968 1946 et
986 1903 1202 1947 subsidere
1223 1901 1375 1945 ternis:

163 1967 250 2013 Sed
269 1976 366 2026 post
384 1969 596 2012 continuis
616 1969 812 2012 tellurem
832 1968 1051 2012 ardoribus
1069 1976 1223 2019 ustam,

162 2034 255 2078 Vix
274 2034 403 2078 semel
422 2034 466 2077 in
486 2042 578 2078 toto
596 2034 713 2078 cerni
732 2034 823 2078 haec
842 2034 1045 2077 miracula
1062 2049 1219 2078 mense.

160 2100 264 2145 Jam
283 2108 448 2144 nostros
468 2101 639 2158 fugiens
659 2100 774 2144 visus
793 2100 942 2158 auriga
960 2100 1045 2143 diei

162 2166 406 2224 Antipodas
425 2174 516 2210 tota
535 2166 745 2210 lustrabat
763 2166 982 2223 lampade3
1012 2165 1135 2210 nobis

162 2232 388 2290 Longuida
406 2247 617 2275 succensae
637 2233 885 2289 praebebant
902 2231 1065 2275 lumina
1083 2232 1217 2274 nubes
1232 2246 1244 2280 ;

161 2299 225 2343 Et
242 2298 368 2342 simul
387 2298 440 2341 ad
459 2298 668 2342 celebrem
689 2298 844 2355 tepidis
863 2297 1115 2355 deponimur
1133 2295 1258 2339 undis

162 2363 439 2408 Buxtonam¹.
499 2363 623 2407 Divae
643 2379 760 2407 sacer
779 2372 845 2407 est
864 2363 960 2407 fons
979 2363 1168 2420 inclytus
1190 2362 1335 2404 Annae

163 2432 331 2475 Ambus
349 2430 498 2473 miscet
516 2445 648 2486 aquas
666 2429 826 2472 callidae
844 2428 1082 2486 gelidaeque
1100 2427 1295 2471 ministra

164 2497 333 2547 Tellus3
363 2495 686 2552 sulphureisque
705 2495 888 2538 effundit
907 2494 1131 2552 pharmaca
1150 2493 1281 2536 venis.

164 2563 276 2607 Haec
294 2561 479 2605 resoluta
497 2576 646 2605 senum
664 2561 889 2604 confirmat
907 2561 1096 2603 membra
1115 2566 1385 2607 trementum,

164 2628 227 2672 Et
244 2627 410 2671 refovet
427 2642 578 2670 nervos
596 2627 726 2670 lotrix
744 2626 836 2670 haec
855 2625 1031 2684 lympha
1049 2625 1224 2683 gelatos.

165 2693 268 2737 Huc
286 2692 454 2735 infirma
470 2699 628 2750 regunt
645 2691 806 2735 baculis
827 2691 1006 2749 vestigia
1023 2690 1163 2734 claudi
1178 2706 1189 2739 ;

163 2757 332 2818 Ingrati
351 2757 544 2801 referunt
560 2757 723 2802 baculis
742 2756 922 2814 vestigia
941 2755 1106 2813 spretis.

583 2882 754 2927 'Bupton
772 2881 877 2916 well.
925 2879 1056 2916 Min-ab.
1084 2889 1131 2913 iv.

299 2953 426 2988 vm..
452 2952 504 2986 V.
1384 2946 1414 2978 Ζ
