1982 3204
0 2282 11 2363 κήξ-ν

0 2815 8 2830 'vv
0 2559 17 2710 rvr-gfff·
0 2542 2 2546 ’
0 2486 6 2523 ··“““
0 2450 4 2454 '
3 2426 13 2434 π
0 2375 14 2412 *5⁴⁴³

639 311 894 347 cnesmu
922 311 1142 346 nnnvls.
1485 306 1550 356 67

159 421 271 482 (lib.
295 437 369 472 nn
397 438 672 484 cormonte,
694 442 803 489 cap.
822 425 924 483 xiii,
948 434 1027 473 art
1050 427 1122 483 3),
1146 426 1196 473 in
1222 426 1440 476 Elenclzo
1462 444 1551 479 suo
1571 444 1682 471 mor.
1706 445 1759 478 w,
1781 444 1820 471 v.

1607 492 1795 513 h--r——ae

159 499 359 561 negavit
382 500 478 549 ille.

228 572 402 639 Itaque
447 576 808 640 propositiones
848 575 926 623 hae
965 589 1024 622 lv
1054 584 1106 623 et
1139 591 1174 623 v
1206 593 1237 624 a
1271 592 1362 626 sua
1402 573 1551 642 ipsius

158 647 387 699 doctrina
431 659 736 700 evertuntur.
811 654 842 676 “
864 649 962 699 Sed
1007 651 1296 708 rationem,''
1343 654 1550 717 inquies,

160 728 191 750 “
211 727 504 789 aequalitatis
540 725 863 790 quantitatem
901 741 1002 773 non
1034 741 1156 784 esse,
1188 735 1300 790 post
1333 728 1551 777 didicit.'’

157 800 204 848 A
227 817 325 865 quo
345 802 362 849 ?
431 802 559 850 Nam
591 801 817 848 doctrina
849 802 953 863 ejus
978 810 1084 849 erat
1107 818 1166 849 eo
1190 810 1411 866 tempore
1436 805 1553 852 doc-

158 876 291 925 trina
328 885 689 941 geometrarum
729 877 964 924 omnium.
1049 877 1231 935 Potuit,
1274 878 1424 937 dices,
1468 880 1552 935 de·-

158 952 581 1010 monstrationem,
607 967 766 999 meam
800 961 850 1000 et
887 952 1097 1011 facilem,
1122 953 1294 1002 melius
1328 955 1552 1003 conside-

155 1026 328 1085 mdo,
350 1043 517 1075 veram
540 1043 645 1075 esse
670 1027 871 1075 tandem
895 1028 1132 1089 invenire,
1157 1037 1208 1076 et
1224 1030 1313 1078 uti.
1385 1031 1551 1079 Potuit

154 1101 379 1167 quidem:
413 1102 501 1151 sed
528 1102 661 1166 quod
688 1103 948 1151 authorem
970 1119 1116 1167 quem
1140 1105 1426 1168 culpaverat
1449 1123 1549 1155 non

154 1177 432 1236 absolverit,
468 1178 787 1226 inhonestum
828 1188 951 1227 erat.
1022 1179 1121 1227 Sed
1154 1181 1400 1243 quomodo
1435 1198 1549 1245 pro-

151 1253 448 1317 positionem
488 1269 629 1301 suam
666 1255 880 1317 probat?
950 1258 981 1286 ‘-‘
1006 1254 1181 1314 Quae”,
1221 1256 1397 1320 inquit,
1439 1261 1469 1282 “
1489 1274 1550 1306 ex

150 1329 356 1393 aqualis
387 1338 440 1378 et
463 1329 609 1393 ¹dupli
639 1330 914 1379 rationibus
952 1332 1281 1394 componitur,
1302 1341 1378 1380 est
1412 1333 1550 1397 dupli

151 1404 328 1464 tatio”,
344 1412 446 1458 etc.
504 1405 697 1459 Quibus
715 1406 880 1454 verbis
897 1407 1289 1470 »propositionem
1312 1410 1566 1473 exemplis

152 1480 382 1544 explieat,
404 1497 506 1530 non
530 1482 722 1546 probat.

219 1556 315 1605 Pto
337 1556 757 1608 demonstratione
778 1557 924 1605 offert
947 1565 1141 1605 tantum
1164 1557 1288 1606 hoc:
1323 1559 1550 1623 sequitur

150 1647 217 1679 ex
259 1631 490 1680 eectmda.
561 1632 838 1681 Secundam
873 1643 1057 1691 autem,
1102 1642 1158 1681 ut
1196 1633 1343 1682 modo
1390 1643 1551 1683 osten-

150 1722 261 1758 sum
287 1717 389 1767 eet,
425 1724 525 1756 non
564 1707 997 1756 demonstraverat.
1064 1708 1259 1758 >Deinde
1300 1710 1404 1758 haec
1443 1711 1550 1774 ipsa

149 1784 258 1847 qius
279 1784 445 1843 verba,
459 1800 574 1848 'quae
596 1801 659 1831 ex
679 1783 996 1848 aequalitatis
1020 1790 1071 1831 et
1094 1784 1238 1850 dupli
1273 1786 1549 1834 rationibus

149 1859 473 1924 componitur,
496 1860 654 1923 qualis
678 1860 837 1908 oratio
861 1861 973 1908 est?
1046 1860 1209 1914 Quam
1244 1861 1309 1910 ad
1347 1861 1549 1910 demon·

147 1935 439 1984 etl-ationem
487 1936 839 1999 geometricam
884 1935 1090 1999 inepta?
1168 1937 1353 1996 Etiam,
1399 1953 1547 2001 quam

148 2025 250 2059 non
259 2011 616 2074 grammatica?
652 2011 776 2059 Cum
794 2012 1111 2075 praemisisset
1128 2011 1370 2061 rationem
1386 2030 1544 2077 oequa-

148 2084 327 2145 lactis,
341 2102 432 2134 cur
452 2102 554 2135 non
578 2085 771 2134 addidit
786 2087 1031 2135 rationem
1048 2088 1213 2151 potius
1230 2087 1546 2153 duplicitatis

148 2177 296 2226 quam
318 2161 464 2227 dupli
481 2165 511 2210 2
580 2162 792 2210 Causam
823 2162 956 2211 audi.
1026 2163 1085 2211 In
1119 2164 1314 2227 scriptis
1345 2181 1543 2227 geome-

147 2243 337 2291 trarum
358 2237 462 2286 fere
486 2238 706 2285 omnium
729 2238 979 2285 invenitur
1012 2254 1102 2301 pro
1136 2239 1328 2287 ratione
1352 2246 1382 2288 2
1406 2240 1471 2288 ad
1501 2247 1542 2298 l,

149 2310 252 2361 sive
286 2312 425 2376 dupli
460 2313 524 2361 ad
560 2313 804 2376 simplum,
827 2329 1020 2377 semper
1052 2313 1158 2362 fere
1191 2315 1322 2362 ratio
1354 2315 1509 2379 dupla
1523 2334 1542 2363 .-

148 2387 436 2451 quasiratio
460 2395 491 2437 2
516 2388 581 2436 ad
611 2395 652 2446 1,
691 2396 820 2436 esset
861 2388 972 2437 duae
1012 2390 1242 2437 rationes.
1315 2390 1373 2438 Id
1410 2391 1543 2454 quod

148 2461 203 2511 in
235 2462 362 2511 libro
399 2478 472 2511 nn·
510 2478 768 2511 CORPORE
805 2480 919 2511 cum
955 2465 1396 2528 reprehendissem,
1428 2467 1543 2530 quia

149 2536 413 2587 dicendum
435 2548 543 2587 erat
564 2539 693 2586 ratio
715 2538 860 2603 dupli
896 2539 961 2587 ad
989 2540 1235 2605 simplum,
1259 2541 1466 2589 Wallius
1490 2542 1541 2589 in

149 2610 373 2662 Eleu-‘Iao
395 2613 666 2672 contendit,
691 2629 916 2662 sermone
943 2615 1273 2673 acerbissimo,
1298 2617 1541 2664 rationem

151 2687 271 2736 8·ud
298 2695 318 2737 1
347 2705 454 2738 esse
489 2690 733 2737 rationem
763 2690 979 2753 duplam,
1011 2699 1063 2739 et
1099 2692 1342 2739 rationem
1366 2698 1396 2739 3
1421 2692 1485 2739 ad
1518 2699 1533 2739 l

150 2777 258 2811 enee
279 2763 492 2828 triplam.
539 2764 688 2814 Quod
709 2781 822 2813 cum
841 2774 1013 2829 postea
1034 2782 1250 2815 errorem
1274 2783 1381 2815 esse
1402 2767 1538 2823 vidit,

150 2852 270 2886 usus
304 2847 381 2887 est
413 2839 489 2888 his
510 2840 687 2898 verbis,
711 2841 847 2888 ratio
881 2841 1042 2905 dupli,
1066 2842 1200 2889 ratio
1241 2842 1404 2906 tripli,
1429 2852 1540 2899 etc„

151 2927 263 2976 quae
297 2913 421 2961 nihil
455 2914 764 2978 significant:
800 2916 985 2964 veritus
1022 2931 1085 2964 ne
1121 2917 1163 2965 si
1194 2916 1381 2965 diceret
1406 2917 1540 2964 ratio

1312 3006 1341 3039 ιτ
1364 3008 1384 3035 2
