1982 3204
400 253 496 295 264
903 264 1279 298 OBJECTIONES

907 483 1168 516 OBJECTIO
1202 482 1280 515 IX.

150 585 346 612 ossmcno
398 566 531 614 Nam
545 567 732 631 procul
753 568 898 616 dubio
921 568 1025 616 illoe
1050 568 1173 616 iclece
1195 584 1302 632 quoe
1325 565 1648 614 substantiam
1671 566 1790 615 mihi

149 684 155 694 .
222 639 279 665 ῙΧ·
463 642 705 701 exhibent,
729 644 888 706 majus
927 642 1121 707 aliquid
1156 649 1284 700 sunt,
1322 649 1487 707 atque,
1519 649 1574 690 ut
1610 642 1684 689 ita
1720 641 1789 690 lo·

463 735 601 781 quar,
635 718 756 782 plus
788 719 1044 767 realitatis
1079 718 1324 780 objectivae
1358 718 1408 765 in
1432 734 1487 765 se
1524 717 1786 775 continent,

461 811 603 857 quam
627 793 728 842 illce
752 812 851 858 quoe
876 801 1061 842 tantum
1084 794 1251 842 modos
1274 793 1377 841 sive
1401 792 1683 841 accidentia
1705 807 1787 840 re-

450 875 780 933 praesentant.
854 870 924 917 Et
947 885 1139 928 rursus,
1156 868 1247 917 illa
1263 884 1365 933 per
1388 884 1534 932 quam
1560 883 1787 915 summum

458 944 668 1009 aliquem
705 944 882 1004 Deum,
922 951 1162 1003 oeternum,
1201 944 1450 1007 infinitum,
1487 942 1785 1002 omniscium,

456 1020 840 1084 omnipotentem,
865 1037 1122 1085 rerumque
1144 1020 1346 1067 omnium
1370 1035 1477 1083 quae
1491 1024 1689 1082 proeter
1711 1018 1788 1082 ip-

456 1112 560 1143 sum
585 1102 698 1143 Sunt
721 1102 1007 1154 creatorem,
1028 1094 1270 1159 intelligo,
1288 1093 1406 1159 plus
1418 1093 1649 1158 prefecto
1672 1108 1786 1140 rea-

457 1170 617 1219 litatis
641 1171 893 1234 objectivce
916 1172 967 1219 in
989 1188 1042 1218 se
1065 1170 1224 1229 habet,
1246 1187 1386 1234 quam
1419 1169 1518 1217 illoe
1534 1184 1635 1234 per
1659 1184 1785 1232 quas

442 1247 613 1308 finitce
636 1246 925 1294 substantiae
947 1245 1249 1294 exhibentur.

459 1356 641 1404 Notavi
667 1356 842 1419 saepius
867 1363 980 1403 ante
1005 1371 1162 1418 neque
1185 1355 1278 1402 Dei
1301 1370 1460 1418 neque
1479 1354 1654 1402 animae
1679 1352 1784 1400 dari

391 1430 540 1478 ullam
564 1430 758 1478 ideam:
796 1430 923 1478 addo
953 1431 1072 1493 jam,
1098 1446 1254 1493 neque
1287 1429 1586 1478 substantiae.
1657 1429 1784 1476 Sub-

389 1506 569 1555 stantia
592 1507 738 1563 enim,
762 1513 819 1554 ut
843 1522 951 1570 quae
975 1514 1048 1554 est
1071 1506 1278 1554 materia
1314 1506 1535 1568 subjecta
1558 1504 1784 1552 acciden-

388 1583 519 1630 tibus
544 1590 593 1630 et
612 1582 980 1640 mutationibus,
1005 1581 1108 1629 sola
1130 1581 1504 1629 ratiocinatione
1525 1580 1782 1639 evincitur,

388 1674 480 1705 nec
505 1666 670 1706 tamen
695 1657 984 1720 concipitur,
1009 1665 1095 1704 aut
1126 1656 1285 1704 ideam
1310 1656 1459 1704 ullam
1484 1656 1624 1704 nobis
1649 1655 1785 1704 exhi-

387 1735 487 1782 bet.
559 1734 671 1781 Hoc
695 1734 735 1781 si
759 1749 930 1781 verum
955 1733 1033 1790 sit,
1058 1731 1303 1796 quomodo
1329 1732 1425 1779 dici
1449 1740 1611 1795 potest
1632 1731 1783 1791 ideas,

389 1826 495 1873 quae
521 1809 817 1857 substantias
849 1809 970 1856 mihi
1007 1808 1254 1866 exhibent,
1281 1809 1436 1871 majus
1461 1807 1644 1870 aliquid
1677 1823 1783 1856 esse

388 1894 439 1933 et
462 1885 571 1948 plus
603 1885 782 1932 habere
815 1884 1052 1932 realitatis
1090 1884 1361 1947 objectivae,
1388 1900 1532 1947 quam
1570 1883 1653 1932 illa
1675 1899 1782 1947 quae

386 1960 507 2008 mihi
553 1961 786 2008 exhibent
832 1959 1140 2008 accidentia?
1212 1960 1453 2008 Praeterea
1499 1958 1778 2007 consideret

386 2035 546 2083 denuo
572 2036 631 2083 D.
658 2036 711 2083 C.
737 2035 856 2099 quid
878 2035 995 2082 velit
1020 2034 1182 2083 dicere
1205 2035 1328 2098 plus
1351 2034 1625 2083 realitatiS.
1696 2034 1778 2082 An

382 2111 579 2159 realitas
614 2111 816 2173 suscipit
852 2110 1007 2173 magis
1044 2110 1121 2157 vel
1164 2110 1357 2158 minus?
1426 2109 1517 2157 Vel
1555 2109 1597 2156 si
1637 2116 1779 2173 putat

381 2203 530 2234 unam
554 2203 658 2234 rem
681 2186 776 2234 alia
799 2186 953 2248 magis
972 2202 1075 2234 esse
1095 2201 1213 2243 rem,
1233 2185 1509 2233 consideret
1530 2185 1776 2248 quomodo

381 2263 476 2310 hoc
500 2262 654 2325 possit
684 2262 849 2324 captui
880 2269 1048 2309 nostro
1091 2277 1202 2309 cum
1245 2269 1385 2308 tanta
1425 2260 1774 2323 perspicuitate

381 2337 614 2401 explicari
638 2344 820 2399 quanta
843 2336 1053 2399 exigitur
1088 2336 1136 2383 in
1163 2336 1296 2384 omni
1339 2335 1775 2394 demonstratione,

380 2421 429 2462 et
452 2420 636 2476 quanta
659 2412 762 2475 ipse
781 2411 899 2459 alias
924 2427 1039 2459 usus
1063 2418 1152 2459 est.

914 2559 1238 2593 RESPONSIO.

295 2697 306 2702 -
443 2639 626 2688 Notavi
654 2625 844 2701 ⁴saepius
890 2653 967 2685 me
1007 2636 1260 2684 nominare
1308 2636 1467 2683 ideam
1514 2636 1564 2684 id
1610 2636 1770 2700 ipsum

376 2714 507 2780 quod
547 2714 738 2762 ratione
779 2712 1034 2769 evincitur,
1077 2719 1133 2758 ut
1179 2720 1230 2759 et
1270 2711 1366 2758 alia
1407 2727 1512 2774 quae
1553 2711 1772 2775 quolibet

373 2790 521 2839 modo
567 2788 919 2854 percipiuntur.
990 2786 1215 2850 Satisque
1260 2787 1472 2851 explicui
1520 2787 1769 2851 quomodo

372 2866 569 2915 realitas
593 2865 826 2928 suscipiat
850 2864 959 2928 plus
983 2871 1032 2911 et
1058 2863 1242 2911 minus:
1280 2863 1351 2911 ita
1373 2879 1550 2927 nempe
1573 2870 1629 2912 ut
1652 2863 1766 2912 sub-
