1982 3204
355 249 451 291 366
911 262 1179 296 HISTORIA

350 367 397 410 N
399 383 454 411 on
474 368 701 413 intellectae
723 370 884 427 periere
901 371 1081 415 Patrum
1102 372 1300 424 rationes,

408 434 597 478 Haeresis
618 442 663 478 et
681 436 815 479 crevit
835 443 955 480 tanto
978 438 1143 481 Ariana
1162 439 1309 496 magis.

350 500 381 542 J
385 516 506 543 ussus
529 506 555 525 “
572 502 1042 560 Ab-aeterno-genitum
1059 506 1079 524 ’'
1109 506 1144 548 si
1164 506 1335 556 dixeris,
1357 506 1511 562 ecquid

405 566 652 624 (Multoties
672 570 888 626 repetens)
909 571 1094 627 concipis
1115 571 1214 614 inde
1234 572 1326 614 rei?

349 635 434 675 Sec.
468 631 557 687 Qui
576 636 780 690 possum?
843 635 1026 692 Superat
1047 643 1220 692 captum
1239 638 1457 694 generatio
1478 638 1640 683 Christi

403 698 626 751 Nostrum,
649 715 734 756 qua
749 701 868 744 Deus
889 710 966 753 est,
983 710 1118 758 utque
1139 712 1243 760 puto
1265 704 1538 762 Angelicum.
1656 708 1740 750 620

350 763 435 808 Sed
455 781 626 822 possum
640 767 786 823 jussus
806 784 891 811 non
912 770 1211 813 contradicere.
1273 770 1455 814 Possum

406 830 604 883 Credere,
626 833 661 876 si
682 834 846 877 dederit
866 836 941 890 qui
957 836 1084 891 jubet
1102 836 1191 893 ipse
1212 837 1353 880 fidem.

346 897 425 940 Pr.
458 897 581 941 Dicit
601 900 869 952 Aristoteles,
892 903 981 944 Ens
1001 909 1055 945 est
1074 902 1265 946 Essentia
1280 918 1293 940 ··
1323 903 1473 947 dicunt

402 963 611 1008 Doctores
631 967 779 1018 nostri,
802 969 916 1024 quod
936 968 1056 1012 Deus
1077 976 1142 1012 est
1162 969 1335 1021 Deitas3

345 1029 486 1086 Inque
506 1031 602 1075 Deo
626 1032 804 1089 Sapiens
829 1033 1060 1090 Sapientia,
1082 1035 1190 1078 velle
1210 1036 1356 1079 volens
1376 1044 1464 1087 est;

404 1096 618 1154 Quodque
638 1099 734 1142 Deo
754 1100 886 1143 tribui
906 1101 1071 1152 debeat,
1093 1101 1136 1144 id
1157 1101 1276 1145 Deus
1297 1109 1374 1146 est.

346 1162 488 1217 Quem
507 1171 628 1221 potes
648 1181 702 1208 ex
717 1168 857 1209 verbis
877 1167 937 1210 sic
951 1168 1113 1223 junctis
1134 1168 1324 1225 sculpere
1345 1185 1514 1212 sensum
1533 1171 1553 1212 ⁸?

403 1231 487 1272 Sec.
521 1232 670 1275 Audio
690 1234 832 1283 verba,
855 1249 990 1276 meras
1007 1234 1079 1277 sed
1099 1234 1222 1277 video
1242 1237 1448 1279 tenebras.

345 1295 470 1339 Tunc
490 1296 643 1341 Fidem
666 1298 828 1342 Christi
849 1300 1080 1343 stabilitam
1100 1300 1256 1344 dixeris
1276 1317 1366 1344 esse

400 1362 612 1420 Principis
631 1364 819 1421 imperiis
840 1366 1076 1423 ingeniisve
1101 1366 1295 1418 Patrum,
1652 1371 1736 1411 630

343 1427 429 1471 Per
448 1445 559 1473 nova
578 1431 786 1487 prolatam
805 1432 867 1474 nil
888 1432 1171 1490 significantia
1190 1435 1331 1485 verba,

399 1495 461 1539 Et
481 1511 577 1552 quae
599 1498 753 1541 divinis
774 1505 876 1542 sunt
895 1499 1033 1543 aliena
1052 1499 1204 1544 libris?

341 1561 488 1606 Istane
508 1571 759 1621 perpetuam
779 1573 1009 1622 procurant
1028 1566 1188 1609 credita
1208 1566 1353 1617 vitam,

399 1628 715 1686 Perpetuamve
735 1631 899 1675 dabunt
918 1632 1001 1675 ista
1019 1639 1176 1690 negata
1195 1633 1392 1676 crucem?

342 1695 566 1752 Antiquos
586 1696 798 1740 Dominus
814 1714 891 1741 nos
905 1698 1035 1755 jussit
1055 1698 1170 1741 adire
1190 1698 1429 1755 prophetas,

399 1761 512 1805 Cum
533 1762 590 1805 sit
610 1762 812 1806 salvatrix
832 1764 931 1807 inde
950 1765 1135 1821 petenda
1154 1764 1298 1808 Fides.

342 1826 395 1870 In
418 1828 573 1872 Veteri
593 1845 710 1873 sacro
726 1830 940 1888 legitume
959 1832 1150 1875 Essentz'a
1171 1831 1313 1875 libro?

398 1894 524 1939 Non:
557 1911 697 1952 neque
718 1898 930 1954 repperies
950 1898 1052 1940 talia
1071 1899 1202 1941 verba
1223 1898 1357 1941 Novo.

340 1959 457 2003 Nam
476 1977 617 2017 neque
639 1962 837 2006 Christus
853 1979 915 2015 eo,
938 1963 1098 2007 Christi
1118 1979 1196 2007 nec
1217 1963 1454 2021 Apostolus
1474 1979 1654 2020 usquam

397 2027 523 2071 More
543 2028 663 2084 loqui
676 2029 818 2085 jussit,
835 2030 948 2074 sicve
963 2030 1169 2086 loquutus
1190 2038 1295 2074 erat.
1650 2033 1734 2074 640

339 2093 572 2151 Progenies
593 2095 640 2137 N
642 2096 762 2138 oachi
779 2096 838 2139 sic
859 2103 924 2140 est
944 2097 1122 2140 fortasse
1141 2097 1332 2154 loquuta,

397 2161 523 2203 Tunc
539 2176 636 2204 cum
657 2170 869 2206 cessarent
888 2163 1096 2207 aedificare
1124 2163 1272 2208 Babel.

342 2226 427 2271 Sed
447 2227 574 2270 missa
593 2228 685 2271 haec
705 2229 840 2273 facio:
873 2230 1066 2273 desidero
1086 2245 1271 2286 namque
1292 2230 1396 2286 quid
1415 2236 1557 2273 actum
1577 2236 1643 2273 est

399 2293 530 2344 Scire,
553 2295 667 2350 quod
688 2294 913 2338 haeresium
935 2302 1099 2352 spectat
1119 2296 1171 2338 ad
1192 2296 1425 2340 historiam.

338 2358 423 2402 Dic
443 2375 558 2403 nunc
579 2376 686 2416 quas
706 2360 789 2405 isto
811 2361 1036 2417 signarunt
1055 2362 1226 2405 nomine
1246 2361 1399 2405 Patres

396 2425 637 2478 Doctrinas,
659 2433 704 2470 et
724 2443 821 2484 quae
837 2443 961 2484 poena
981 2434 1143 2471 statuta
1158 2428 1324 2484 quibus.

337 2491 417 2534 Pr.
452 2491 718 2535 Haereticum
734 2494 869 2549 primo
891 2493 1067 2544 faciunt,
1085 2493 1160 2549 qui
1179 2493 1318 2537 dicere
1338 2492 1489 2544 nullos,

397 2558 490 2600 Aut
506 2573 592 2601 uno
612 2559 755 2615 plures
775 2559 935 2602 auserit
955 2574 1045 2602 esse
1065 2559 1193 2603 Deos.

338 2623 436 2667 Hoc
455 2624 724 2680 expellebant
744 2625 914 2668 decreto
935 2625 1215 2669 idololatriam

393 2689 593 2741 Manetis,
614 2705 753 2733 rerum
776 2691 1114 2748 principiumque
1133 2691 1322 2748 duplum.
1645 2693 1731 2735 650

337 2755 602 2799 Haereticum
623 2756 787 2800 faciunt
806 2757 881 2813 qui
901 2758 1109 2800 mundum
1129 2757 1287 2801 dixerit
1306 2772 1396 2800 esse

392 2821 626 2867 AEternum
638 2839 650 2874 3
682 2824 830 2867 aeterni
852 2823 1013 2880 quique
1034 2840 1140 2881 opus
1160 2839 1250 2868 esse
1270 2830 1424 2881 negat:
