1982 3204
488 294 750 330 ROSBTUM
778 292 1208 328 GEOMRTRICUM.
1476 281 1530 325 41

154 408 506 473 digressionem
546 407 610 455 ad
650 405 857 455 circulos
891 404 1155 468 proximos,
1194 402 1277 466 qui
1318 400 1542 450 dividunt
1578 420 1690 447 ιηιοι».
1711 417 1813 446 xvn.

154 484 464 548 superficiem
506 483 708 546 sphaerae
739 478 1331 544 quinquifariam,‚motus
1365 478 1423 524 fit
1456 492 1543 540 per
1563 465 1825 534 hm„

157 560 371 623 quinque
412 559 567 607 latera
611 554 865 605 icosaedri.
935 553 994 601 In
1041 552 1331 600 semicirculi
1377 562 1544 599 autem
1560 548 1797 587 “¹¹¹⁸¹⁶‘⁸⁸“⁰·

157 634 552 683 circumferentia
587 633 645 680 fit
684 640 846 685 motus
869 645 899 676 a
922 628 1035 692 polo
1058 628 1122 675 ad
1144 628 1311 691 polum
1335 643 1423 690 per
1446 636 1544 675 tres

157 726 300 758 arcus
336 709 545 773 aequales
575 706 790 770 singulas
813 705 947 752 arcui
973 704 1062 751 CK
1086 703 1165 751 vel
1191 703 1297 751 ΒΚ.
1365 703 1544 750 Ablato

154 786 311 850 igitur
332 793 468 832 motu
493 782 576 846 qui
599 783 656 829 fit
691 796 780 844 per
811 780 910 827 duo
951 780 1106 827 latera
1144 777 1383 827 icosaedri
1423 778 1546 825 nihil

158 859 512 925 promoventia,
536 858 627 904 viae
659 872 748 920 per
781 855 878 903 tria
912 854 1068 903 latera
1098 853 1351 911 icosaedri,
1388 860 1437 900 et
1460 870 1492 916 p
1517 869 1548 906 r

160 946 262 984 tres
283 950 425 984 arcus
448 931 756 990 semicirculi,
789 930 1002 994 aequales
1038 930 1254 994 singulas
1284 929 1419 977 arcui
1443 929 1481 976 C
1534 966 1546 988 ‚

159 1011 236 1060 vel
281 1010 454 1059 saltem
499 1024 588 1072 per
634 1007 828 1055 illomm
870 1006 1097 1062 chordas,
1142 1004 1352 1068 aequales
1389 1012 1548 1052 erunt.

161 1086 260 1135 Sed
274 1086 343 1134 Βθ
358 1100 446 1149 per
461 1098 736 1131 mensuram
763 1082 1039 1129 invenietur
1062 1082 1218 1143 maj0r
1241 1079 1428 1128 chorda
1443 1079 1548 1127 ΒΚ.

161 1162 326 1217 Quare
349 1169 449 1208 tres
473 1174 631 1214 arcus,
651 1157 828 1220 singuli
848 1156 1060 1219 aequales
1079 1156 1186 1214 ΒΚ,
1202 1164 1317 1203 sunt
1340 1154 1552 1217 aequales

158 1237 318 1286 tribus
339 1235 574 1284 lateribus
599 1232 854 1290 icosaedri,
878 1241 930 1280 et
951 1248 1077 1280 unus
1100 1232 1204 1280 uni.
1273 1231 1421 1279 Quod
1444 1239 1551 1278 erat

158 1310 613 1362 demonstrandum.

231 1387 343 1436 Hoc
383 1402 538 1450 genus
586 1382 1014 1432 demonstrationis
1060 1382 1380 1439 damnabunt,
1416 1389 1566 1428 certe„

159 1464 280 1522 scio,
304 1462 607 1526 algebristae:
632 1468 682 1508 et
704 1459 911 1507 fortasse
938 1458 1036 1516 alii,
1056 1458 1139 1521 qui
1162 1473 1263 1505 non
1287 1456 1554 1505 admittunt

160 1540 216 1588 in
250 1537 571 1602 geometriam
609 1542 899 1599 argumenta
922 1550 952 1581 a
973 1542 1114 1581 motu
1148 1541 1359 1596 sumpta,
1394 1548 1555 1595 neque

163 1631 196 1663 a
216 1628 460 1662 mensura.
530 1610 629 1659 Sed
669 1610 734 1658 ad
770 1609 914 1667 hanc,
948 1616 999 1657 et
1033 1609 1212 1656 multas
1234 1608 1353 1656 alias
1374 1623 1554 1671 propo-

163 1690 365 1739 sitiones
386 1686 727 1751 geometricaS‚
746 1684 990 1748 principia
1010 1684 1107 1732 alia
1128 1683 1263 1732 nulla
1285 1683 1556 1746 excogitari

164 1772 387 1830 possunt,
411 1779 441 1811 a
465 1762 643 1826 quibus
665 1760 915 1809 conclusio
951 1769 1089 1808 certa
1115 1759 1324 1808 derivari
1348 1759 1443 1806 rite
1466 1775 1555 1822 po-

164 1848 278 1890 test.
349 1838 555 1888 Numeri
579 1838 710 1885 enim
733 1836 798 1884 ad
819 1837 947 1884 hanc
969 1852 1090 1894 rem,
1122 1843 1180 1883 ut
1202 1851 1330 1899 saepe
1354 1835 1556 1882 demon-

164 1916 333 1974 stravi,
356 1914 510 1978 inepti
535 1923 651 1961 sunt
673 1932 685 1960 z
722 1929 813 1960 nec
836 1929 867 1960 a
888 1911 1235 1975 superficiebus
1257 1910 1321 1958 ad
1343 1910 1557 1973 longitu-

165 1991 323 2049 dines,
346 2006 439 2038 nec
463 1997 651 2047 contra,
675 1987 876 2052 procedi
904 1994 1037 2035 recte
1060 1995 1227 2050 potest
1246 2007 1260 2038 z
1294 1994 1559 2050 propterea

169 2066 300 2131 qnod
315 2066 597 2130 superficies
611 2073 661 2113 et
685 2063 1016 2128 longitudines
1033 2071 1150 2111 sunt
1166 2062 1359 2110 diversa
1374 2077 1560 2126 genera

168 2143 513 2207 quantitatum.

670 2412 851 2479 PROP.
877 2410 1063 2459 xvm.

242 2527 314 2561 1)ss
341 2526 643 2566 QUADRATO
669 2526 829 2559 AREAE
858 2524 1220 2564 QUADRANTIS
1246 2522 1488 2561 AEQUALI.

172 2596 424 2646 Cmcuno
451 2596 568 2644 dato
590 2596 776 2659 aequale
800 2595 1020 2642 invenire
1044 2592 1354 2657 quadratum.

243 2672 320 2720 Sit
342 2671 486 2719 datus
509 2671 736 2729 circulus,
761 2671 901 2733 cujus
918 2668 1164 2732 quadrans
1182 2668 1246 2715 sit
1271 2667 1423 2724 DAC,
1448 2682 1563 2729 qua·

177 2746 320 2795 drato
362 2746 538 2794 ABCD
578 2746 869 2809 inscriptus:
903 2752 954 2792 et
997 2752 1170 2792 octaus
1209 2741 1381 2790 circuli
1422 2741 1563 2788 DLC.

180 2822 383 2870 Seoetur
404 2821 696 2886 quadratum
717 2821 893 2869 ABCD
917 2828 1023 2867 tum
1046 2835 1077 2867 a
1099 2817 1438 2880 diagonalibus
1462 2814 1564 2871 AC,

183 2896 288 2956 BD,
310 2905 415 2945 tum
438 2913 469 2946 a
492 2897 639 2946 rectis
662 2897 756 2954 EF,
780 2895 893 2954 GH,
911 2893 1316 2943 concurrentibus
1339 2890 1567 2940 omnibus
