1982 3204
431 283 493 325 44
766 290 1028 325 ROSETUM
1057 289 1485 324 GEOMETRICUM.

146 419 258 447 paor.
279 421 396 448 xvm.
428 409 578 450 sextae
603 401 829 464 quadrati
850 402 1046 449 ABCD.
1119 399 1216 447 Sed
1247 405 1305 447 16
1339 400 1581 448 vieesimae
1618 402 1819 465 quintae,

145 507 349 544 Doquudruto
428 487 477 527 et
510 485 565 527 10
590 478 792 527 decimae
816 486 980 537 sextae,
1005 494 1103 526 non
1129 486 1244 525 sunt
1271 478 1497 540 aequales.
1567 479 1680 528 Non
1704 488 1821 529 sunt

142 552 411 631 iiifffufifuudmuffi
429 570 546 617 ergo
572 554 669 612 CB,
695 555 803 612 YQ
828 554 893 601 Ze
916 553 1321 616 proportionales.

497 629 594 677 Sed
647 629 884 692 ejusmodi
939 637 1242 691 argumenta,
1295 636 1496 692 propter
1543 645 1712 678 causas
1757 632 1821 680 ad

428 721 567 769 prop.
587 722 650 752 xv
689 705 970 762 declarataS,
1011 720 1157 752 merae
1198 713 1311 752 sunt
1348 705 1546 767 spiritus
1586 705 1820 769 algebrici

428 781 706 844 praestigiae,
733 796 961 827 numeros
996 780 1285 843 applicantis
1318 781 1676 843 quantitatibus
1710 798 1819 846 quae

429 859 622 906 numeri
647 858 708 905 ad
734 874 989 905 numerum
1014 873 1112 904 non
1138 857 1321 905 habent
1343 858 1599 906 rationem.

497 934 548 981 Si
568 934 649 981 BC
665 933 816 980 divisa
834 933 981 980 fuerit
1001 933 1397 995 quinquifariam,
1413 934 1506 981 erit
1525 933 1819 996 quadratum

429 1025 459 1056 a
483 1008 564 1056 BF
589 1013 663 1065 δὲ,
679 1024 853 1070 nempe
877 1016 1050 1071 quarta
1068 1024 1180 1070 pars
1197 1014 1277 1056 25.
1317 1008 1481 1057 Quare
1500 1008 1576 1056 Dc
1595 1009 1690 1058 erit
1708 1016 1817 1071 315,

430 1093 479 1132 et
504 1084 794 1146 quadratum
819 1100 847 1131 a
875 1084 960 1130 BD
987 1084 1138 1131 octies
1163 1091 1373 1143 tantum,
1400 1084 1500 1132 sive
1528 1090 1608 1133 50.

498 1159 595 1206 Sed
628 1158 787 1206 media
819 1158 1198 1221 proportionalis
1229 1158 1358 1206 inter
1386 1164 1415 1207 8
1441 1167 1490 1207 et
1517 1166 1544 1207 5
1569 1161 1662 1208 erit
1689 1160 1818 1208 latus

435 1234 583 1294 (latus
609 1234 734 1291 dico,
760 1251 859 1282 non
891 1234 1125 1295 radicem)
1153 1235 1344 1282 numeri
1369 1241 1447 1284 40.
1518 1236 1674 1284 Erunt
1697 1251 1817 1299 ergo

427 1325 526 1357 non
547 1310 688 1356 modo
711 1315 788 1368 50,
811 1315 889 1366 40,
911 1316 989 1368 32,
1010 1309 1095 1357 sed
1111 1310 1258 1358 etiam
1279 1316 1358 1369 50,
1378 1317 1458 1369 40,
1477 1316 1567 1373 312}
1584 1311 1817 1359 continue

425 1387 827 1450 proportionales.
900 1387 1024 1435 Quae
1049 1402 1196 1434 causa
1229 1402 1346 1449 ergo
1383 1387 1527 1450 hujus
1559 1386 1817 1435 discordiae

427 1478 530 1509 esse
555 1469 730 1525 potest,
761 1463 893 1523 (eum
918 1463 1174 1526 perspicue
1194 1462 1583 1510 demonstratum
1606 1463 1685 1521 sit,
1709 1470 1816 1510 tum

425 1538 555 1600 quod
579 1537 645 1585 Ze
669 1545 742 1585 est
764 1538 962 1601 aequalis
983 1538 1183 1586 dimidio
1201 1554 1341 1586 arcus
1361 1538 1466 1596 AC,
1486 1546 1590 1585 tum
1611 1537 1816 1602 quadra-

425 1621 526 1660 tum
548 1614 608 1660 ab
631 1613 722 1662 YQ
740 1613 925 1676 aequale
941 1630 1046 1661 esse
1066 1614 1244 1662 sectori
1265 1612 1388 1675 CL),
1408 1614 1502 1662 nis'i
1520 1614 1650 1678 quod
1674 1614 1817 1663 lineae

426 1688 603 1746 ductae,
645 1688 696 1735 id
744 1698 818 1736 est
864 1688 1129 1737 divisibiles
1176 1688 1443 1737 secundum
1488 1689 1815 1748 latitudinem,

425 1763 698 1826 comparari
733 1779 845 1811 cum
877 1763 1020 1811 lineis
1052 1764 1202 1827 puris,
1228 1763 1277 1811 id
1302 1771 1377 1811 est
1410 1763 1513 1811 sine
1537 1763 1814 1824 latitudine,

426 1854 526 1885 non
550 1839 788 1901 possunt?
849 1839 948 1887 Sed
972 1848 1131 1888 rectas
1157 1839 1255 1898 CB,
1280 1840 1361 1899 Ze,
1387 1856 1462 1904 eq,
1487 1839 1542 1887 kl
1567 1855 1673 1888 esse
1698 1857 1815 1889 con·

424 1913 562 1961 tinue
587 1915 992 1977 proportionales,
1014 1915 1432 1963 demonstratione
1457 1924 1692 1979 sequente
1716 1916 1816 1965 ela-

426 1989 614 2037 rissime
639 1991 907 2054 explicabo.

497 2064 716 2113 Consect.
761 2067 917 2115 Arcus
957 2067 1039 2115 CL
1075 2067 1235 2115 minor
1275 2074 1349 2115 est
1389 2074 1599 2130 quatuor
1631 2067 1815 2131 quintis

425 2139 549 2187 radii
573 2139 674 2190 DC.
746 2142 928 2190 Omnes
963 2143 1093 2190 enim
1125 2144 1260 2191 sinus
1292 2143 1434 2200 versi,
1460 2159 1581 2206 quos
1612 2143 1661 2191 in
1695 2159 1814 2207 qua-

423 2215 599 2263 drante
626 2215 761 2265 DAC
787 2218 900 2265 duci
933 2218 1166 2281 possibile
1189 2226 1278 2278 est,
1302 2219 1510 2282 aequales
1534 2226 1648 2267 sunt
1670 2218 1814 2267 simul

425 2291 606 2354 sumpti
637 2308 763 2340 areae
796 2293 945 2356 ipsius
979 2294 1278 2357 quadrantis,
1303 2304 1353 2343 et
1384 2310 1473 2357 per
1496 2310 1812 2358 consequens,

425 2365 662 2427 quadrato
711 2366 930 2426 DYQM‚
970 2370 1070 2416 sive
1111 2378 1324 2433 quatuor
1364 2369 1545 2433 quintis
1586 2369 1813 2432 quadrati

425 2440 616 2488 ABCD.
680 2442 743 2489 Et
767 2443 1005 2506 siquidem
1030 2445 1163 2493 sinus
1187 2445 1258 2493 illi
1281 2444 1407 2493 versi
1431 2445 1813 2493 terminarentur

424 2531 592 2562 omnes
625 2516 675 2563 in
710 2517 814 2579 ipso
847 2535 980 2578 arou,
1014 2520 1250 2569 deberent
1282 2520 1379 2568 duo
1412 2520 1568 2569 latera
1593 2520 1694 2580 BC,
1721 2521 1811 2570 CD

424 2590 650 2653 quadrati
675 2592 854 2640 ABCD
882 2609 984 2641 esse
1010 2595 1072 2643 ad
1096 2595 1216 2644 duas
1240 2595 1461 2644 semisses
1485 2611 1626 2644 arcus
1650 2596 1736 2644 Ac
1758 2597 1811 2646 in

424 2665 613 2713 ratione
638 2665 723 2714 Ol)
749 2667 811 2714 ad
835 2668 923 2716 DY
942 2669 1213 2733 duplicata:
1239 2669 1325 2718 sed
1344 2686 1440 2719 non
1462 2678 1537 2719 est
1558 2671 1644 2719 ita.
1681 2671 1811 2721 Nam

424 2741 517 2787 etsi
550 2740 769 2789 diviseris
803 2742 981 2792 lineam
1005 2746 1081 2793 vel
1116 2746 1262 2795 aliam
1293 2745 1618 2810 quantitatem
1652 2748 1808 2796 conti·

423 2831 572 2863 nuam
602 2815 653 2863 in
688 2826 940 2877 aeternum,
974 2836 1223 2885 nunquam
1258 2829 1422 2870 tamen
1458 2822 1712 2885 pervenies
1746 2823 1808 2872 ad

424 2891 567 2939 nihil:
615 2893 729 2956 quia
766 2895 1013 2957 quantitas
1061 2897 1293 2947 continua
1338 2897 1592 2947 divisibilis
1638 2907 1713 2948 est
1757 2898 1810 2948 in
