1982 3204
330 256 424 308 374
891 267 1155 301 ms'romA

385 377 440 420 In
459 377 540 421 sibi
560 378 717 421 vicinos
738 379 903 436 imperii
923 379 1111 435 populos.

328 443 525 487 Forsitan
547 444 716 501 injuste,
738 445 810 487 sed
830 460 915 488 non
935 451 1077 487 tamen
1098 446 1257 499 absque
1277 444 1413 487 colore

384 510 418 554 J
422 510 578 553 ustitiae
595 527 604 553 :
637 511 738 554 satis
758 517 823 554 est
843 511 1016 567 regibus
1036 511 1124 567 ipse
1145 511 1269 553 color.

330 576 542 621 Gentibus
563 583 606 620 et
625 578 795 620 tandem
815 584 1048 634 posuerunt
1067 576 1238 619 nomina
1256 576 1393 628 victis,

385 643 489 686 Non
510 644 654 686 audita
673 644 802 700 prius,
825 659 922 699 quae
943 643 1113 686 voluere
1133 643 1272 684 duces.

330 709 549 752 Vandalus
564 710 674 761 hinc,
691 710 975 765 Gotthusque,
994 709 1280 763 Herulusque,
1297 708 1582 765 Hunnusque,
1603 716 1647 752 et
1663 709 1831 754 Alanus

387 776 463 818 Ad
483 775 664 819 Boream
684 776 789 819 fines
810 782 988 831 occupat
1008 774 1195 830 imperii:

331 841 582 885 Nominibus
602 842 740 893 variis,
762 857 848 884 una
868 842 940 884 sed
960 841 1121 898 origine
1143 840 1309 884 Gotthi.

388 908 587 951 Nascitur
606 923 660 951 ex
680 924 766 950 una
785 908 956 965 pustula
975 907 1110 949 multa
1129 907 1210 949 lue.

329 973 390 1017 Et
409 974 580 1018 tandem
601 974 768 1017 Italiam
789 974 946 1017 crebris
966 973 1227 1016 successibus
1247 973 1439 1030 implent,

386 1040 447 1083 Et
467 1040 646 1084 miscent
664 1040 803 1083 verbis
823 1041 952 1083 verba
974 1039 1125 1082 Latina
1154 1039 1253 1090 suis,

328 1105 390 1149 Et
408 1113 580 1163 gentem
599 1107 730 1164 genti.
790 1106 1026 1149 Romanam
1046 1106 1231 1162 possidet
1250 1107 1396 1149 urbem

388 1172 603 1223 Gotthus;
636 1173 709 1216 sed
728 1173 877 1216 doctus
898 1187 1014 1215 sacra
1033 1171 1191 1214 Latina
1210 1172 1338 1228 prius.

330 1239 483 1294 Atque
503 1239 569 1282 sui
590 1238 778 1290 Gotthis,
800 1246 851 1281 ut
872 1238 1033 1282 Graecis
1054 1246 1182 1294 atque
1202 1237 1383 1289 Latinis,

388 1305 683 1362 Catholicique
703 1306 883 1356 inerant,
904 1305 1178 1360 haereticique
1198 1304 1292 1347 viri.

329 1370 435 1414 Post
454 1372 569 1415 hunc
588 1372 784 1429 regnavit
802 1371 1012 1414 «Iovianus
1032 1371 1246 1414 mensibus
1260 1377 1370 1413 octo.

387 1437 651 1482 Christicolis
671 1438 862 1494 demptas
882 1437 1065 1480 reddidit
1084 1437 1155 1480 ille
1176 1436 1348 1479 scholas.

329 1502 575 1547 Catholicus
595 1504 680 1547 fuit
699 1504 770 1547 ille
791 1503 976 1560 quidem,
999 1503 1071 1546 sed
1089 1503 1254 1561 legibus
1274 1502 1340 1545 uti

384 1570 546 1626 AEquis
568 1569 809 1614 Catholicos
828 1569 1132 1624 haereticosque
1154 1570 1291 1625 jubet.

328 1636 427 1691 Quo
447 1636 573 1686 sacto,
595 1636 798 1678 moritur:
831 1642 1035 1691 tanquam
1056 1635 1091 1678 si
1111 1642 1277 1691 sceptra
1295 1634 1474 1685 tulisset,

384 1701 510 1744 Esset
530 1709 579 1744 ut
599 1701 643 1743 in
663 1708 758 1744 tuto
778 1701 911 1744 libera
930 1700 1085 1756 cuique
1105 1700 1244 1743 Fides.

325 1766 519 1811 Romana
539 1767 746 1824 accipiens
765 1774 870 1810 tunc
889 1766 1034 1817 fraena,
1057 1766 1387 1810 Valentinianus

383 1833 452 1876 De
472 1848 588 1876 sacra
607 1840 745 1875 mutat
764 1832 983 1889 relligione
1002 1832 1120 1874 nihil.

326 1899 421 1943 Nec
442 1899 517 1955 qui
537 1899 750 1950 successit,
772 1899 841 1942 cui
861 1913 1015 1941 nomen
1032 1897 1180 1941 Gratia
1198 1897 1330 1941 fecit¹.

382 1966 485 2009 Paci
499 1966 650 2022 juncta
670 1965 798 2008 Fides
818 1965 952 2008 dulcis
972 1965 1144 2020 utrique
1164 1964 1262 2007 suit.

325 2033 410 2075 Sec.
445 2031 584 2086 Quem
605 2032 708 2075 tulit
727 2032 924 2074 effectum
945 2046 1141 2075 concessa
1160 2030 1332 2074 licentia
1351 2029 1502 2073 tanta?

381 2099 460 2141 Pr.
492 2098 539 2140 N
541 2113 588 2141 ee
608 2114 691 2154 pax
711 2097 997 2153 consequitur,
1020 2112 1098 2140 nec
1116 2099 1223 2140 bene
1244 2104 1359 2139 certa
1379 2095 1517 2138 Fides.

324 2165 413 2220 Qui
434 2180 518 2207 non
538 2164 750 2207 audebant
770 2163 987 2206 Deitatem
1006 2163 1155 2206 tollere
1183 2163 1363 2213 Christo,

384 2231 562 2288 Spiritui
587 2229 742 2274 Sancto
762 2230 909 2273 tollere
929 2245 1014 2272 non
1033 2229 1241 2272 dubitant.

323 2297 560 2354 Impietatis
580 2304 671 2340 erat
690 2303 822 2339 tantae
845 2295 1120 2338 Macedonius
1140 2295 1304 2346 author,

380 2363 468 2418 Qui
488 2363 751 2420 Byzantinas
771 2378 842 2405 ore
863 2363 1038 2419 regebat
1057 2377 1170 2405 oves.

321 2431 483 2473 Audax
503 2436 655 2480 orator,
677 2428 876 2472 torrentis
895 2443 1011 2472 more
1031 2443 1220 2478 sonorus,

378 2495 592 2539 Turbidus
611 2502 740 2550 atque
761 2494 883 2545 celer,
904 2510 990 2536 non
1010 2500 1151 2537 tamen
1172 2494 1283 2536 altus
1303 2499 1408 2535 erat.

317 2562 506 2618 Jamque
527 2562 679 2604 iterum
703 2561 746 2602 in
767 2567 907 2616 partes
929 2560 1120 2603 Ecclesia
1139 2559 1359 2602 scinditur.
1420 2557 1512 2601 Iras

375 2628 571 2671 AEternae
592 2628 691 2670 vitae
713 2634 863 2669 mutua
882 2641 982 2669 cura
1002 2626 1116 2668 facit.

317 2697 401 2738 Sec.
435 2694 562 2738 Unde
582 2709 683 2736 meae
704 2693 822 2736 vobis
843 2692 1062 2735 commissa
1082 2699 1147 2735 est
1166 2707 1267 2734 cura
1287 2691 1447 2742 salutis,

374 2760 631 2817 Theiologi?
693 2758 793 2802 Sine
815 2773 881 2801 me
901 2757 1174 2801 consulitisne
1194 2757 1331 2799 mihi?

802 2905 811 2926 ¹
839 2906 995 2952 [Scilicet
1014 2905 1047 2940 G
1050 2904 1232 2950 meiana]

1629 779 1712 819 930

1628 1439 1714 1479 940

1623 2098 1708 2137 950

1618 2758 1702 2799 960
