1982 3204
151 394 242 420 CAP.
261 396 300 421 X.

133 441 323 457 *sp-2

382 258 479 301 200
689 268 979 302 PnlchmA
1007 269 1074 301 ET
1100 267 1470 301 PROBLEMATA

381 378 598 426 rabolam
623 378 713 426 sibi
738 379 1021 442 inscriptam
1049 387 1103 426 ut
1127 385 1158 426 3
1183 378 1245 426 ad
1271 385 1318 436 2,
1344 386 1394 426 et
1418 376 1619 441 duplum
1642 382 1772 425 rect-

97 449 365 509 1„‚„„‚„1„‘501iffi,
382 455 612 517 angulum
639 454 702 502 ad
727 462 883 502 totam
917 454 1201 518 parabolam
1226 454 1316 501 sibi
1349 453 1635 516 inscriptam
1659 460 1716 500 ut
1741 458 1772 499 3

96 527 125 549 et
145 533 244 551 voi-nnn
268 534 364 562 supar-
382 530 444 577 ad
461 536 506 577 2.

95 566 217 595 iic-iebus
232 573 285 596 etc.

448 621 504 652 x.
543 604 703 652 Etiam
727 613 783 653 ut
806 606 931 653 ratio
951 605 1230 652 inveniatur
1250 604 1524 666 reetanguli
1547 602 1608 651 ad
1633 617 1774 666 para-

378 681 663 738 bolastrum,
691 697 799 743 quae
834 681 1065 744 parabola
1089 690 1292 728 vocatur
1326 679 1575 737 cubicalis,
1600 677 1773 726 eadem

378 756 609 804 methodo
633 756 706 803 uti
731 772 1002 819 possumus.
1075 757 1202 803 Nam
1229 756 1267 803 si
1298 757 1384 804 fiat
1418 756 1598 818 ubique
1622 760 1679 801 ut
1702 752 1771 800 da

378 832 441 880 ad
467 832 542 890 dc,
570 841 618 879 et
642 831 702 878 (lc
736 832 798 879 ad
823 831 904 890 db,
929 832 998 879 ita
1031 831 1095 878 db
1130 831 1192 878 ad
1228 839 1454 895 quartam
1480 830 1557 888 de,
1581 835 1639 876 ut
1673 828 1772 876 sint

379 916 590 970 quatuor
627 908 859 954 continue
898 906 1288 969 proportionales
1327 906 1411 963 da,
1447 905 1522 962 dc,
1559 903 1639 962 db,
1681 903 1769 952 de:

376 983 505 1030 linea
530 983 855 1045 parabolastri
887 983 1013 1030 illius
1050 999 1200 1030 curva
1235 982 1465 1030 transibit
1495 996 1583 1044 per
1606 979 1772 1028 omnia

378 1065 561 1120 puncta
585 1074 627 1115 e,
648 1065 696 1104 et
720 1058 846 1104 ratio
871 1058 1142 1120 rectanguli
1164 1057 1342 1105 ABCD
1363 1057 1457 1104 erit
1481 1055 1545 1103 ad
1567 1055 1773 1118 parabo-

377 1133 515 1180 lastri
557 1133 685 1180 illius
722 1132 977 1179 dimidium
1009 1141 1063 1180 ut
1088 1139 1115 1179 4
1143 1133 1205 1179 ad
1242 1139 1286 1180 3.
1355 1133 1418 1180 Et
1460 1133 1529 1179 sic
1567 1129 1770 1194 procedi

377 1217 540 1271 potest
575 1208 637 1256 ad
672 1208 1062 1271 parabolastrum
1099 1208 1384 1266 secundum,
1410 1208 1612 1255 tertium
1645 1213 1770 1255 etc.:

377 1300 584 1347 quorum
610 1284 825 1330 rationes
850 1283 911 1330 ad
946 1284 1284 1346 rectangulum
1310 1285 1389 1331 cui
1420 1283 1769 1339 inscribuntur,

377 1360 426 1406 in
448 1359 662 1406 tabulam
685 1360 850 1422 (atque
875 1360 1020 1407 etiam
1038 1359 1372 1422 cylindrorum
1392 1359 1456 1406 ad
1478 1357 1769 1420 inscriptum

377 1435 467 1481 sibi
489 1450 664 1482 conum
686 1442 735 1481 et
754 1435 1000 1494 conoidia)
1021 1443 1256 1497 congesta
1274 1443 1387 1482 sunt
1412 1450 1515 1497 cap.
1536 1433 1637 1480 xvii
1659 1431 1772 1480 libri

376 1512 470 1557 mei
498 1526 569 1558 DE
597 1525 874 1558 CORPORE.
944 1510 1105 1558 Tanta
1125 1526 1242 1574 ergo
1280 1518 1355 1557 est
1389 1508 1632 1557 lemmatis
1654 1508 1773 1556 huic

377 1587 526 1649 capiti
551 1587 740 1649 praefixi
776 1586 839 1633 ad
870 1587 1083 1633 maxima
1114 1586 1394 1649 geometriae
1418 1601 1556 1648 purae
1577 1583 1772 1648 proble-

374 1671 509 1709 mata
561 1662 942 1709 demonstranda
997 1662 1221 1725 aptitudo
1275 1661 1528 1720 naturalis,
1584 1667 1641 1708 ut
1685 1658 1768 1723 qui

374 1738 569 1784 noverit
590 1738 763 1800 quibus
788 1738 1030 1785 rationum
1055 1737 1324 1785 rationibus
1348 1737 1483 1798 (nam
1507 1751 1618 1784 cum
1642 1735 1771 1783 ratio

375 1813 437 1859 sit
475 1814 738 1875 quantitas,
787 1821 930 1861 erunt
977 1814 1223 1861 rationum
1269 1829 1368 1860 non
1416 1813 1578 1860 minus
1621 1826 1770 1874 quam

374 1888 579 1935 aliarum
617 1889 946 1951 quantitatum
978 1889 1216 1950 rationes)
1249 1902 1556 1952 unaquaeque
1586 1887 1770 1950 figura-

372 1979 483 2010 rum
515 1973 907 2028 comparatarum
940 1973 1219 2028 generatur,
1245 1981 1409 2012 earum
1436 1965 1567 2011 inter
1602 1978 1655 2011 se
1687 1978 1770 2010 ra*-

372 2039 534 2086 tiones
560 2040 787 2102 ignorare
812 2057 909 2088 non
934 2042 1106 2104 possit.
1177 2039 1282 2088 Sed
1307 2039 1474 2104 qualis
1498 2045 1589 2097 est,
1621 2053 1769 2102 roga-

374 2114 449 2162 bit
487 2115 676 2178 aliquis,
698 2116 971 2179 geometria
1007 2115 1097 2163 illa
1126 2118 1304 2180 pura?
1374 2114 1455 2162 An
1487 2113 1768 2178 geometria

375 2205 495 2237 ‘vera
542 2198 633 2249 est,
670 2208 779 2255 quse
817 2198 892 2238 est
928 2192 1166 2256 impura?
1235 2191 1445 2238 Mixtam
1486 2189 1632 2246 dicet,
1664 2204 1765 2236 non

373 2264 631 2327 impuram.
695 2266 938 2321 Quomodo
964 2273 1122 2314 aulem
1136 2281 1275 2331 pura
1290 2281 1437 2330 purte
1464 2263 1632 2321 mixta,
1638 2261 1770 2326 fieri

374 2340 570 2404 impura
603 2345 815 2404 potest?
886 2342 981 2389 Sed
1030 2358 1190 2405 neque
1225 2341 1321 2388 hoc
1363 2340 1514 2388 dicet:
1562 2339 1766 2387 mixtam

373 2422 538 2463 tamen
567 2424 685 2463 tunc
710 2433 828 2474 esse,
854 2418 1049 2480 quando
1084 2417 1148 2465 ad
1180 2416 1437 2464 materiam
1473 2414 1766 2478 applicatur.

373 2492 691 2540 Manifestum
718 2504 883 2540 autem
908 2502 995 2553 est,
1022 2495 1062 2542 si
1096 2493 1313 2541 materiae
1343 2508 1443 2540 non
1475 2491 1767 2555 applicetur,

370 2566 594 2614 inutilem
613 2584 740 2615 esse:
762 2569 1008 2627 nimirum,
1025 2586 1182 2618 meras
1198 2584 1316 2627 esse,
1332 2583 1509 2631 easque
1529 2566 1766 2625 difficiles,

370 2658 541 2705 nugas.
612 2643 789 2690 Puram
826 2660 917 2707 ego
944 2645 1136 2708 appello
1164 2643 1502 2708 geometriam,
1527 2642 1608 2690 cui
1641 2641 1765 2690 nihil

372 2718 669 2765 admiscetur
704 2719 1027 2767 arithmeticae
1055 2720 1148 2767 nisi
1174 2719 1305 2784 quod
1330 2718 1590 2767 conveniat
1614 2717 1766 2766 etiam

372 2793 634 2856 ‘quantitati
661 2794 935 2850 continuam
962 2812 1069 2859 quae
1088 2795 1370 2860 geometriae
1389 2802 1464 2843 est
1488 2794 1763 2858 subjectum

370 2869 621 2933 proprium
647 2878 696 2918 et
719 2869 1040 2934 adaequatum.
1113 2872 1283 2935 Itaque
1308 2886 1417 2936 quae
1442 2875 1765 2934 corrumpunt
