1982 3204
415 285 472 329 lO
746 294 1007 329 ROSETUM
1036 292 1466 327 GEOMETRICUM.

172 403 895 452 paor.11.AN1MAD.Non
927 403 1068 451 video
1100 402 1406 466 quomobrem
1440 418 1562 449 nova
1598 402 1698 450 haec
1735 402 1799 450 de

127 468 351 535 Dm
407 480 622 527 sectione
643 479 1016 542 proportionali
1039 477 1359 542 eaecogitavit‚
1385 477 1638 540 nisisorte
1661 495 1723 526 ex
1742 495 1798 525 eo

125 550 166 578 ¹¹¹¹
168 560 239 578 ⁰¹¹³
239 555 310 579 ‘mm
327 554 381 580 ⁶¹⁰·
408 555 538 618 quod
555 554 835 618 potentiam
861 555 984 614 (non
1020 559 1136 600 ante
1159 555 1352 614 notam)
1378 553 1623 617 segmenti
1645 554 1797 616 majo-

407 631 482 678 ris
513 647 616 678 cum
645 629 874 694 potentia
904 629 1263 676 semicliametrz
1293 628 1640 693 comparando,
1666 629 1796 677 inve-

404 706 506 753 niri
547 722 697 770 posse
735 711 885 771 putet
926 703 1104 751 circuli
1141 720 1288 768 quam
1327 703 1503 768 quaerit
1549 704 1796 769 magnitu-

405 782 582 829 din-em.

472 858 846 920 Segmentorum
879 855 1087 902 istorum
1126 854 1427 918 quantitates
1461 855 1668 918 exprimi
1705 871 1796 904 nu-

402 932 548 979 meris
560 939 787 979 accurate
803 947 902 978 non
918 938 1137 994 possunt,
1155 946 1313 994 neque
1328 930 1522 978 illarum
1538 930 1790 994 quadrata.

401 1007 583 1055 Verum
607 1023 758 1070 prope
783 1006 977 1054 accedit
1001 1022 1167 1054 earum
1193 1005 1319 1053 ratio
1339 1005 1401 1052 ad
1419 1006 1660 1053 rationem
1681 1013 1708 1054 5
1731 1007 1794 1056 ad

403 1089 449 1131 3.
521 1082 648 1129 Nam
674 1082 715 1129 si
739 1083 867 1130 latus
891 1082 979 1130 AB
1004 1082 1067 1130 sit
1085 1081 1298 1145 partium
1323 1086 1369 1139 8,
1389 1082 1481 1129 erit
1507 1083 1663 1145 majus
1688 1099 1792 1146 seg-

402 1165 622 1205 mentum
644 1158 746 1205 fere
767 1164 812 1215 5,
833 1165 882 1205 et
907 1158 1066 1204 minus
1091 1164 1398 1220 segmentum
1421 1156 1522 1203 fere
1543 1162 1617 1215 3{.
1667 1157 1794 1207 Sunt

402 1234 533 1281 enim
558 1239 603 1290 8,
626 1239 671 1291 5,
692 1233 750 1286 3ὲ
776 1234 1008 1280 continue
1031 1231 1450 1296 proportionales:
1485 1232 1571 1280 sed
1606 1232 1794 1282 faciunt

402 1309 579 1356 lineam
604 1310 839 1373 majorem
865 1325 1011 1372 quam
1035 1315 1110 1356 est
1146 1316 1284 1355 recta
1309 1308 1409 1365 AG,
1444 1316 1582 1356 tanto
1607 1317 1792 1371 quanto

403 1392 478 1432 est
502 1393 677 1433 octava
699 1400 812 1447 pars
844 1384 998 1448 partis
1025 1383 1269 1432 vicesimae
1292 1383 1473 1447 quintae
1511 1383 1663 1446 ipsius
1687 1385 1790 1433 ΑΒ.

405 1460 544 1508 Adeo
565 1469 619 1508 ut
644 1460 919 1508 differentia
941 1460 1093 1508 totius
1118 1468 1169 1507 et
1192 1458 1390 1521 majoris
1425 1459 1666 1523 segmenti
1700 1460 1790 1520 sui,

403 1536 557 1599 major
579 1536 830 1599 aliquanto
855 1537 919 1584 sit
943 1552 1088 1599 quam
1119 1542 1219 1582 tres
1242 1541 1428 1582 octavae
1452 1542 1616 1598 partes
1640 1536 1792 1584 totius

400 1610 580 1670 lateriS‚
615 1620 664 1659 et
702 1620 1010 1675 segmentum
1050 1611 1207 1674 majus
1244 1611 1404 1657 minus
1443 1626 1588 1673 quam
1612 1611 1636 1662 ἑ
1656 1633 1668 1667 ;
1705 1611 1792 1660 sed

401 1695 584 1748 quanto
609 1686 768 1734 minus
802 1687 852 1734 in
877 1695 1087 1749 angusto
1125 1685 1477 1748 diagrammate
1512 1702 1611 1733 non
1647 1685 1791 1735 facile

401 1762 612 1809 discerni
636 1770 810 1825 potest.
869 1763 995 1810 Item
1019 1761 1132 1825 quia
1157 1770 1463 1825 segmentum
1488 1760 1609 1809 illud
1633 1763 1790 1826 majus

401 1838 652 1884 subtendit
677 1838 795 1886 duas
819 1838 1013 1902 quintas
1036 1844 1199 1900 partes
1225 1836 1510 1900 quadrantis
1531 1836 1665 1896 AC*,
1689 1853 1790 1886 non

400 1913 542 1961 facile
567 1913 800 1977 distingui
823 1914 1007 1977 poterit
1031 1913 1307 1961 differentia
1324 1913 1562 1976 segmenti
1586 1912 1648 1960 ab
1671 1929 1790 1961 arcu

401 2005 547 2051 quem
571 1990 835 2039 subtendit.

966 2178 1225 2185 ‚-.-——-

937 2333 1119 2380 PROP.
1157 2331 1246 2379 ΙΙΙ.

668 2456 738 2489 DE
765 2455 1083 2489 POLYGONIS
1106 2454 1519 2489 REGULARIBUS.

402 2542 718 2594 ANTEQUAM
745 2542 982 2589 doctrinae
1013 2541 1158 2604 hujus
1189 2540 1448 2604 aggrediar
1481 2541 1785 2589 demonstra-

400 2617 572 2674 tiones,
598 2617 827 2664 lectorem
852 2618 977 2664 scire
1000 2616 1161 2675 velim,
1187 2616 1380 2679 qualem
1416 2615 1476 2664 de
1501 2616 1785 2665 difficultate

898 2907 920 2930 ⁴¹
953 2907 1018 2947 Sic
1037 2906 1128 2946 edit.
1154 2905 1267 2945 1671.
