1982 3204
402 282 492 325 146
811 291 924 326 Lux
951 285 1375 323 MATHEMATICA.

111 421 375 449 comnovssa-
397 410 493 462 tur,
519 418 617 450 una
640 418 752 450 cum
767 401 949 449 Roseto
968 401 1072 463 ipso
1091 414 1190 445 una
1213 413 1326 445 cum
1348 397 1442 444 hoc
1467 397 1651 461 scripto
1675 414 1785 447 meo

166 478 230 504 SIA
245 478 334 504 xl11.

150 525 341 547 z-y-ae

399 478 619 542 colligari
662 478 842 526 curavi.
914 478 1118 524 Restant
1153 488 1311 536 pauca
1349 473 1616 521 universim
1656 474 1788 522 circa

397 556 613 618 ipsorum
640 554 699 601 de
725 553 941 601 scientiis
965 551 1140 598 merita
1169 548 1392 606 dicenda,
1417 564 1609 611 nempe,
1635 565 1788 612 quan-

396 638 503 678 tum
527 630 706 677 serviat
730 626 1034 690 responsioni
1057 624 1120 672 ad
1151 624 1475 688 epiphonema
1496 624 1703 672 Wallisii
1726 624 1789 673 ad

397 707 545 753 finem
568 705 719 752 libelli
752 704 826 751 sui
857 703 906 749 in
939 699 1376 749 Transactionibus
1403 699 1669 747 Societatia⁸
1692 699 1788 747 Re-

394 780 537 846 galis
561 780 680 827 editi
711 779 761 826 in
800 778 900 825 haec
923 777 1098 824 verba:
1133 775 1265 823 Nam
1292 775 1494 838 jamdiu
1532 781 1623 833 est,
1660 775 1795 839 quod

398 855 586 903 Hobbii
609 853 893 902 authoritas
918 851 967 899 in
991 851 1350 899 mathematicis
1373 868 1433 899 ne
1457 850 1608 898 hilum
1626 849 1789 898 value-

399 931 486 989 rit,
513 933 712 993 ejusque
736 927 1051 975 ratiocinium
1076 927 1384 975 tantumdem.

465 1007 648 1054 Verum
667 1004 862 1068 quidem
887 1010 975 1061 est,
1000 1019 1091 1051 nec
1126 1003 1479 1051 authoritatem
1513 1017 1606 1049 nec
1639 1001 1791 1049 ratio-

400 1082 690 1129 cinationem
717 1080 767 1127 in
794 1078 1153 1126 mathematicis
1173 1077 1413 1126 Hobbesii
1435 1076 1567 1140 apud
1584 1076 1789 1140 Anglos,

398 1174 490 1205 nec
530 1156 660 1220 apud
692 1162 882 1202 exteros
905 1153 1131 1210 Wallisii,
1155 1153 1364 1201 multum
1399 1152 1625 1200 valuisse.
1695 1151 1790 1200 Ex-

397 1234 490 1281 teri
506 1249 535 1280 a
554 1230 1052 1279 demonstrationibus
1068 1236 1361 1292 geometras,
1371 1227 1502 1291 apud
1515 1243 1605 1275 nos
1620 1243 1790 1275 omnes

399 1309 459 1355 ab
485 1308 731 1355 auditione
757 1314 807 1353 et
831 1306 891 1353 ab
917 1305 1216 1352 authoritate
1235 1303 1645 1352 Academicorum
1662 1302 1789 1366 judi-

399 1392 527 1431 cant.
599 1384 769 1446 Itaque
795 1380 1076 1429 Hobbesius
1101 1390 1243 1428 extra
1265 1380 1462 1443 legitur,
1482 1378 1788 1442 intelligitur,

398 1459 622 1506 laudatus
641 1478 652 1505 :
688 1457 936 1524 Wallisius
959 1473 1199 1520 nusquam
1223 1456 1421 1519 legitur,
1446 1471 1476 1502 a
1498 1454 1693 1502 nemine
1715 1454 1791 1501 in-

398 1535 649 1598 telligitur,
675 1550 736 1581 ne
774 1549 803 1581 a
843 1549 893 1580 se
927 1533 1034 1596 ipso
1069 1532 1281 1596 quidem,
1311 1539 1362 1579 et
1394 1531 1445 1578 in
1479 1530 1582 1579 sola
1613 1529 1794 1592 Anglia

396 1610 639 1657 laudatur.
710 1609 754 1656 A
773 1607 981 1671 quibus?
1053 1606 1101 1655 A
1118 1614 1384 1670 geometra,
1410 1615 1648 1670 quantum
1673 1604 1792 1663 scio,

399 1685 608 1733 nemine.
700 1685 742 1731 A
791 1683 1105 1732 multitudine
1151 1684 1405 1731 hominum
1452 1677 1552 1730 n‘on
1597 1697 1793 1745 geome-

398 1768 602 1818 trarum,
618 1776 738 1824 quos
758 1761 808 1807 in
833 1760 928 1807 alio
953 1774 1134 1822 genere
1158 1758 1398 1806 doctrinae
1422 1757 1638 1805 scribens
1657 1756 1792 1805 Hob-

399 1837 560 1884 besius
575 1836 705 1883 visus
729 1843 804 1883 est
820 1835 1019 1883 laesisse.
1073 1834 1187 1881 Non
1206 1849 1323 1896 ergo
1342 1849 1372 1881 a
1389 1840 1677 1896 contemptu
1699 1839 1792 1889 est,

400 1912 531 1974 quod
548 1912 767 1959 Wallisio
788 1912 838 1958 in
863 1910 1174 1974 geometricis
1193 1926 1295 1958 non
1317 1909 1635 1966 anteferatur,
1654 1907 1741 1956 sed
1764 1923 1794 1955 a

401 1987 631 2035 vindicta.
686 1987 924 2035 Hobbesii
948 1987 1079 2034 enim
1097 1986 1313 2043 inventa,
1329 1993 1436 2033 tum
1454 1985 1504 2032 in
1523 1983 1796 2047 geometria

402 2069 505 2110 tum
534 2063 582 2109 in
606 2063 823 2126 physica,
855 2061 1025 2119 multa,
1065 2077 1209 2118 nova,
1233 2060 1438 2118 excelsa,
1473 2059 1621 2116 clara,
1653 2058 1796 2106 utilia

402 2146 530 2185 sunt.
588 2139 794 2186 Wallisii
829 2144 1016 2195 contra,
1055 2136 1256 2183 inventa
1290 2135 1440 2193 nulla,
1481 2133 1794 2182 ratiocinatio

401 2213 538 2271 falsa,
563 2213 803 2276 principia
842 2212 1069 2269 absurda,
1107 2211 1416 2258 definitiones
1452 2210 1631 2266 futileS,
1670 2208 1794 2257 nihil

402 2289 515 2337 novi
530 2297 708 2352 praeter
722 2297 956 2337 monstra.
993 2286 1276 2335 Mirandum
1292 2287 1443 2350 igitur
1457 2293 1599 2342 esset,
1609 2284 1692 2348 qui
1706 2292 1794 2332 aut

402 2364 538 2412 illum
563 2365 808 2426 legissent,
833 2372 919 2412 aut
945 2362 1198 2411 Hobbesio
1235 2378 1332 2409 non
1362 2361 1487 2408 male
1511 2360 1792 2418 voluissent,

402 2440 442 2487 si
466 2455 564 2487 non
589 2440 821 2487 cathedra
855 2439 938 2486 illa
970 2437 1270 2502 geometrica
1298 2435 1615 2484 celeberrima
1639 2435 1792 2499 depu-

403 2515 590 2563 lissent.
643 2516 807 2563 Faciet
832 2515 962 2562 enim
986 2514 1264 2562 temeritate
1289 2521 1339 2560 et
1363 2511 1608 2576 imperitia
1631 2527 1733 2569 sua,
1754 2512 1795 2559 si

400 2591 547 2655 paulo
584 2590 765 2638 diutius
798 2591 929 2638 illam
966 2590 1191 2648 retineat,
1215 2589 1376 2652 perire
1407 2587 1539 2651 apud
1574 2603 1664 2635 nos
1699 2587 1792 2635 sci-

401 2667 583 2715 entiam
623 2667 931 2714 utilissimam
970 2673 1294 2730 praeterquam
1328 2671 1567 2728 quantum
1602 2663 1793 2726 jamdiu

402 2741 678 2790 didicerunt
723 2742 944 2789 homines
989 2740 1278 2789 mechanici.
1360 2740 1465 2803 Ego
1502 2755 1619 2787 vero
1664 2739 1794 2787 inter

402 2826 678 2881 temporum
715 2817 907 2864 illorum
945 2818 1246 2865 calamitates
1281 2831 1380 2864 non
1412 2815 1664 2863 minimam
1687 2829 1792 2862 esse

402 2893 646 2951 existimo,
697 2892 829 2956 quod
875 2893 937 2941 ad
982 2893 1272 2942 beneficium
1322 2891 1444 2940 illud
1490 2891 1790 2939 Savilianum
