1982 3204
428 261 516 304 182
719 271 1007 306 PRINCIPIA
1034 271 1101 306 ΕΤ
1126 272 1495 307 PROBLEMATA

191 397 282 424 CAP·
302 398 355 424 vt·
489 383 634 432 Quod
665 384 878 433 invalida
910 391 997 443 est,
1022 384 1334 434 manifestum
1357 385 1473 433 hinc
1508 384 1632 433 erit:
1670 383 1803 448 quod

136 484 181 512 1)e
201 485 312 513 1250oe
332 485 404 523 peri-
420 458 590 507 eodem
613 468 902 523 argumento
926 460 1121 523 probari
1145 469 1322 523 potest,
1343 460 1596 524 supposito
1615 468 1802 508 rectam

136 528 220 555 men-i

137 572 195 600 circ

199 529 401 600 ulf-:drumm
421 534 504 582 BC
531 535 733 583 divisam
758 552 859 584 esse
883 536 934 583 in
959 536 1226 584 duodecem
1250 545 1412 600 partes
1436 536 1662 600 aequales,
1687 551 1801 599 qua-

419 610 613 659 dratum
637 613 740 674 ejus
772 613 920 660 etiam
958 613 1117 660 minus
1141 628 1244 660 esse
1274 629 1419 677 quam
1453 619 1540 660 144
1568 619 1803 675 quantum

418 693 491 734 est
512 686 642 735 idem
661 687 820 751 ipsum
840 687 1041 750 duplum
1063 688 1354 750 quadratum
1379 687 1458 735 cZ.
1530 688 1654 735 Cum
1672 687 1804 734 enim

418 761 710 824 quadratum
751 763 837 810 Cm
869 762 932 810 sit
957 768 1035 821 36,
1073 764 1412 826 rectangulum
1451 762 1605 811 CabH
1645 763 1804 811 minus

417 837 510 885 erit
533 838 616 886 illo
642 847 878 901 quantum
902 846 974 886 est
1000 839 1290 902 quadratum
1317 839 1391 886 bm
1417 839 1516 886 sive
1541 838 1620 887 cZ.
1690 838 1804 886 Tol-

415 913 534 960 litur
569 913 697 960 enim
731 930 760 961 a
785 913 1025 977 quadrato
1065 915 1152 962 Cm
1188 931 1246 962 ex
1281 930 1380 962 una
1415 922 1555 978 parte
1592 914 1806 977 comple-

416 996 635 1036 mentum
658 988 743 1045 Eb,
764 1005 823 1036 ex
846 989 1001 1037 altera
1022 998 1162 1053 parte
1188 989 1263 1037 bh.
1335 990 1432 1038 Sed
1458 989 1532 1037 Εὖ
1556 990 1711 1053 majus
1730 997 1806 1037 est

417 1079 561 1126 quam
586 1063 647 1111 bh
667 1064 904 1126 quadrato
931 1064 1021 1113 hm.
1090 1066 1179 1114 Est
1215 1066 1366 1129 igitur
1401 1066 1741 1129 rectangulum
1766 1065 1805 1114 C

417 1139 479 1186 ab
506 1139 554 1186 H
582 1140 739 1186 minus
765 1155 910 1202 quam
935 1145 997 1187 36
1023 1140 1195 1188 eodem
1214 1141 1504 1204 quadratulo
1529 1142 1609 1189 eZ.
1657 1141 1807 1204 Prop-

417 1222 494 1261 ter
517 1215 719 1262 eandem
736 1231 930 1263 causam
948 1217 1284 1280 rectangulum
1301 1216 1375 1264 Ab
1394 1217 1554 1264 minus
1570 1223 1645 1264 est
1659 1231 1805 1279 quam

419 1295 480 1337 36
520 1290 808 1353 quadratulo
845 1290 1018 1338 eodem
1051 1292 1131 1340 eZ.
1201 1292 1373 1340 Restat
1410 1292 1474 1340 ad
1511 1291 1805 1355 quadratum

418 1373 578 1413 totum
612 1366 952 1428 complendum
978 1366 1271 1429 quadratum
1295 1366 1385 1426 bl),
1411 1367 1542 1430 quod
1571 1375 1646 1415 est
1669 1366 1806 1414 dimi-

419 1441 553 1488 dium
586 1441 810 1504 quadrati
849 1458 878 1489 a
914 1449 1148 1505 tangente
1190 1442 1278 1491 Ba.
1347 1443 1530 1490 Juncta
1569 1443 1699 1490 enim
1736 1442 1806 1490 aS

419 1523 614 1564 secante
633 1516 939 1579 diagonalem
962 1518 1013 1564 in
1027 1534 1087 1582 p,
1105 1518 1199 1565 erit
1221 1525 1277 1566 ut
1301 1518 1386 1576 Sa,
1405 1518 1506 1566 sive
1524 1517 1610 1577 Bb,
1625 1517 1689 1566 ad
1715 1518 1806 1577 Ba,

418 1592 488 1639 ita
519 1591 593 1638 Ba
623 1591 687 1639 ad
716 1591 796 1655 bp,
821 1592 872 1640 id
903 1599 977 1640 est
1011 1592 1074 1641 ad
1111 1592 1207 1640 Hb.
1275 1593 1363 1641 Est
1399 1609 1516 1656 ergo
1548 1592 1611 1641 ab
1648 1593 1808 1642 media

418 1668 796 1731 proportionalis
819 1668 949 1716 inter
974 1668 1046 1716 Bb
1071 1676 1122 1716 et
1155 1668 1252 1716 bH.
1322 1670 1412 1717 Est
1443 1685 1560 1732 ergo
1598 1668 1807 1732 quadra-

419 1751 525 1790 tum
547 1742 622 1790 bl)
648 1743 902 1791 dimidium
927 1743 1155 1807 quadrati
1180 1743 1334 1803 BabS,
1358 1744 1408 1792 id
1429 1752 1503 1793 est
1524 1750 1605 1792 24.
1677 1743 1807 1793 Qua-

421 1819 613 1866 dratum
639 1835 755 1882 ergo
779 1826 940 1867 totum
970 1825 1059 1867 144
1085 1820 1269 1883 aequale
1294 1829 1368 1868 est
1400 1825 1806 1871 48÷24÷36÷36

418 1894 579 1941 minus
625 1893 774 1957 duplo
817 1894 1056 1957 quadrato
1098 1895 1191 1942 cZ:
1234 1895 1365 1958 quod
1406 1904 1480 1944 est
1519 1894 1802 1944 absurdum.

419 1969 646 2017 Dubitari
688 1970 817 2017 enim
848 1986 947 2018 11011
971 1978 1133 2033 potest
1161 1970 1281 2033 quin
1313 1971 1604 2034 quadratum
1628 1972 1805 2020 ABCD

420 2044 483 2091 sit
506 2050 611 2091 144.
662 2045 882 2093 Invalida
899 2061 1016 2108 ergo
1035 2053 1109 2093 est
1124 2046 1334 2109 objectio
1351 2064 1363 2100 ;
1389 2055 1439 2094 at
1457 2047 1553 2095 hoc
1570 2055 1809 2110 praeterea

419 2119 567 2167 habet
580 2120 702 2177 vitii,
722 2119 852 2183 quod
868 2120 1157 2183 quadratum
1176 2137 1205 2168 a
1224 2121 1307 2168 BL
1325 2122 1484 2170 minus
1499 2122 1648 2170 faciat
1663 2138 1808 2185 quam

422 2200 535 2252 360,
560 2211 659 2242 11011
684 2194 848 2258 duplo,
874 2195 958 2242 sed
983 2195 1253 2259 quadruplo
1279 2197 1517 2259 quadrato
1542 2198 1623 2244 eZ.

489 2270 767 2319 Quaerenda
790 2286 907 2333 ergo
937 2279 1011 2318 est
1047 2271 1301 2319 discordiae
1332 2271 1475 2335 hujus
1507 2288 1670 2321 causa.
1737 2273 1809 2320 Ea

421 2352 583 2393 autem
607 2345 703 2393 alia
726 2361 830 2393 esse
853 2362 952 2393 11011
976 2354 1153 2409 potest,
1175 2362 1320 2409 quam
1340 2347 1641 2410 computatio
1660 2347 1807 2395 linea·

421 2436 530 2468 rum
571 2421 674 2468 sine
715 2421 973 2469 latitudine
1013 2421 1064 2469 in
1104 2422 1375 2470 rationibus
1416 2423 1807 2486 superficierum:

421 2496 552 2544 unde
575 2497 848 2544 necessario
874 2497 1092 2560 sequitur
1123 2498 1174 2545 id
1196 2498 1326 2562 quod
1364 2499 1642 2546 continetur
1677 2499 1809 2546 intra

424 2579 632 2636 quatuor
654 2572 810 2620 latera
835 2572 932 2631 BL,
950 2572 1043 2631 LZ,
1059 2573 1169 2632 ZM,
1187 2573 1303 2632 ΜΒ,
1328 2574 1488 2621 minus
1514 2589 1620 2622 esse
1639 2573 1808 2622 decem

425 2648 672 2710 quadratis
696 2664 726 2696 a
750 2648 831 2695 BE
856 2655 1091 2712 quantum
1115 2656 1190 2696 est
1213 2649 1414 2712 duplum
1434 2650 1524 2697 cZ:
1548 2649 1705 2698 latera
1727 2666 1808 2698 au-

423 2731 524 2770 tem
558 2724 663 2787 ipsa
685 2723 955 2787 quadruplo
987 2724 1051 2771 cZ
1075 2739 1178 2771 esse
1206 2723 1428 2787 aequalia.
1499 2725 1808 2774 Quadratum

425 2814 542 2862 ergo
579 2815 609 2846 a
641 2799 723 2846 BL
755 2799 1014 2863 decuplum
1045 2815 1148 2847 esse
1188 2799 1413 2863 quadrati
1452 2816 1482 2848 a
1518 2801 1807 2860 semilatere,

424 2882 588 2924 manet
605 2874 945 2924 inconcussum
970 2882 1020 2924 et
1043 2874 1273 2924 manebit.
1342 2876 1491 2925 Nullo
1514 2876 1644 2925 enim
1668 2892 1807 2941 argu-
