1982 3204
443 273 516 307 An
543 256 801 308 CARTESH'
824 272 1261 307 ΜΕῡιΤΑΤιοΝΕε.
1442 262 1536 315 267

157 390 291 432 recte
327 383 496 432 inferri
532 399 591 431 ex
631 399 690 431 eo
718 383 847 447 quod
875 382 1040 430 existit
1071 382 1257 445 aliquid
1285 382 1418 445 quod
1450 399 1538 431 nos
1597 406 1789 434 ommno

0 510 15 528 a
158 459 400 508 credimus
432 474 621 507 creasse
653 466 833 507 caetera
868 458 1045 516 omnia,
1070 457 1181 505 ideo
1211 457 1446 505 mundum
1478 459 1540 506 ab
1664 461 1704 486 Χ·

0 529 15 605 ξ
160 550 219 584 eo
242 535 391 583 fuisse
414 534 674 598 aliquando
698 541 932 582 creatum.
1468 573 1473 577 .

0 609 8 635 ³*
228 610 484 668 Praeterea,
508 611 591 658 ubi
617 610 737 658 dicit
767 610 927 657 ideam
962 608 1052 657 Dei
1080 615 1131 656 et
1162 607 1339 655 animae
1367 615 1544 668 110st

160 686 303 734 nobis
325 686 544 734 innatam
568 701 688 743 esse,
713 685 857 732 velim
882 684 1005 732 scire
1030 683 1071 730 si
1101 683 1277 731 animae
1301 682 1547 731 dormien-

161 761 285 810 tium
309 761 550 825 profunde
568 761 671 809 sine
691 760 931 808 insomnio
951 759 1186 822 cogitent.
1237 758 1288 806 Si
1311 774 1426 816 non,
1447 774 1546 806 non

161 836 344 885 habent
366 853 424 884 eo
447 844 666 899 tempore
700 835 833 883 ideas
866 835 1004 882 ullas.
1077 834 1242 883 Quare
1270 833 1404 881 nulla
1438 833 1549 881 idea

161 920 238 961 est
259 912 451 960 innata:
482 927 596 959 nam
621 910 752 975 quod
775 919 851 958 est
875 911 1114 968 innatum,
1139 925 1330 972 semper
1353 908 1506 957 adest.

689 1058 1018 1092 RESPONSIO-

230 1134 366 1184 Nihil
389 1150 556 1182 eorum
581 1151 691 1198 quae
716 1135 821 1183 Deo
850 1135 1124 1194 tribuimus,
1149 1136 1211 1184 ab
1235 1136 1439 1200 objectis
1463 1151 1546 1183 ex-

163 1210 316 1260 ternis
333 1218 563 1273 tanquam
582 1210 644 1257 ab
663 1210 928 1273 exemplari
951 1218 1114 1274 potest
1132 1227 1235 1259 esse
1257 1211 1549 1275 profectum,

165 1285 282 1350 quia
307 1284 428 1333 nihil
462 1292 536 1332 est
570 1285 621 1332 in
656 1285 762 1334 Deo
795 1286 951 1334 simile
977 1287 1035 1334 iis
1060 1303 1166 1350 quae
1195 1296 1310 1335 sunt
1332 1287 1383 1335 in
1407 1287 1551 1334 rebus

165 1361 394 1419 externis,
408 1363 502 1408 hoc
521 1368 594 1408 est
612 1361 876 1425 corporeis.
926 1362 1179 1426 Quidquid
1197 1370 1362 1410 autem
1376 1362 1436 1410 iis
1454 1363 1571 1410 dis-x

166 1436 324 1486 simile
346 1437 634 1500 cogitamus,
658 1436 969 1485 manifestum
997 1445 1071 1485 est
1094 1453 1195 1486 non
1221 1438 1282 1485 ab
1306 1438 1440 1501 ipsis,
1466 1438 1553 1486 sed

166 1529 198 1562 a
242 1528 390 1561 causa
432 1512 573 1560 istius
615 1512 909 1561 diversitatis
955 1513 1006 1561 in
1047 1513 1346 1577 cogitatione
1385 1520 1554 1561 nostra

166 1588 424 1654 proficisci.

233 1663 298 1712 Et
328 1678 494 1727 quaero
522 1663 620 1721 hic,
646 1679 742 1727 (1110
772 1670 919 1727 pacto
948 1663 1039 1711 iste
1067 1663 1383 1727 philosophus
1413 1663 1552 1711 intel-

167 1738 428 1787 lectionem
469 1738 562 1786 Dei
595 1754 624 1787 a
654 1740 800 1786 rebus
837 1739 1050 1787 externis
1093 1739 1317 1787 deducat.
1391 1739 1554 1788 Quam

167 1822 334 1864 autem
371 1815 578 1863 habeam
612 1816 717 1877 ejus
749 1814 926 1870 ideam,
950 1814 1092 1862 facile
1116 1814 1320 1877 explico,
1346 1814 1553 1862 dicendo

168 1906 247 1939 me
278 1905 368 1954 per
394 1889 554 1938 ideam
591 1889 864 1952 intelligere
895 1889 946 1937 id
969 1905 1112 1937 omne
1138 1889 1270 1952 quod
1299 1889 1457 1938 forma
1480 1898 1555 1937 est

169 1965 372 2029 alicujus
394 1964 737 2028 perceptionis.
809 1964 932 2013 Quis
955 1964 1086 2012 enim
1110 1972 1186 2012 est
1209 1965 1293 2028 qui
1320 1981 1421 2012 non
1444 1980 1554 2028 per-

168 2039 318 2104 cipiat
355 2055 407 2088 se
446 2039 630 2103 aliquid
670 2038 957 2102 intelligere,
996 2055 1054 2086 ac
1092 2038 1298 2102 proinde
1334 2039 1417 2103 qui
1453 2055 1554 2087 non

166 2114 346 2164 habeat
369 2116 511 2164 istam
536 2115 668 2162 sive*
687 2114 847 2162 ideam
871 2114 1232 2174 intellectionis,
1251 2131 1397 2178 quam
1419 2114 1552 2162 inde-

169 2191 306 2240 finite
314 2190 625 2239 extendendo
636 2190 815 2238 format
829 2189 988 2238 ideam
1003 2189 1349 2239 intellectionis
1364 2190 1553 2248 divinae,

171 2274 222 2316 et
243 2266 314 2315 sic
337 2266 398 2314 de
421 2266 610 2314 eaeteris
633 2266 737 2328 ejus
763 2264 1042 2313 attributis?

240 2341 484 2391 Quoniam
507 2356 625 2388 vero
650 2341 723 2388 usi
759 2356 925 2388 sumus
959 2340 1070 2389 idea
1093 2341 1184 2388 Dei
1209 2357 1319 2405 quae
1342 2342 1393 2389 in
1417 2341 1556 2389 nobis

173 2424 249 2466 est
278 2416 342 2465 ad
373 2418 476 2481 ejus
507 2415 815 2464 existentiam
847 2415 1293 2474 demonstrandam,
1325 2424 1470 2480 atque
1505 2417 1557 2463 in

16 2547 22 2552 ‚⁷
172 2491 391 2541 hacidea
411 2499 512 2540 tam
535 2491 772 2539 immensa
794 2492 1016 2555 potentia
1033 2492 1315 2540 continetur
1336 2500 1393 2539 ut
1417 2491 1556 2539 intel-

0 2595 15 2633 1
173 2566 380 2630 ligamus
409 2582 699 2630 repugnare,
727 2568 767 2615 si
806 2567 938 2615 Deus
973 2566 1166 2625 existat,
1201 2567 1388 2631 aliquid
1425 2565 1559 2614 aliud

0 2636 9 2666 ³*
174 2648 352 2705 praeter
366 2641 524 2705 ipsum
542 2642 749 2690 existere
766 2642 859 2690 nisi
878 2641 1009 2705 quod
1027 2642 1088 2689 ab
1107 2642 1213 2705 ipso
1235 2642 1298 2690 sit
1316 2649 1556 2690 creatum:

173 2714 317 2779 plane
341 2716 560 2780 sequitur
582 2732 642 2765 ex
666 2733 724 2765 eo
749 2716 881 2780 quod
905 2716 1240 2765 demonstrata
1264 2717 1326 2764 sit
1351 2717 1455 2779 ejus
1479 2732 1557 2763 ex·

175 2791 389 2849 istentia,
414 2791 798 2840 demonstratum
823 2792 970 2840 etiam
995 2808 1099 2840 esse
1131 2798 1291 2840 totum
1322 2791 1559 2839 mundum

804 2959 826 2981 ³
857 2958 935 2997 Sic.
