1982 3204
244 214 295 261 lii

285 333 360 361 cata
374 327 526 368 retinere,
542 328 594 361 vel
618 339 716 372 quem
738 329 930 372 pronuntiat
953 341 1023 363 esse

286 378 521 411 contumacem,
533 374 605 416 ejus
621 377 754 415 peccata
767 373 935 406 remittere
949 385 1023 417 pas-

287 420 341 448 tor
355 426 420 447 non
435 421 553 458 potest.
569 416 602 448 ii.
615 420 689 450 405.

287 459 573 491 excommunicare
589 470 655 491 non
669 464 787 503 potest.
801 459 835 492 ii.
852 462 960 494 406-7.

288 513 328 534 ea
357 513 456 545 super
495 502 669 535 articulum
707 503 805 541 hunc,
835 505 937 535 Jesum
967 515 1026 535 esse

292 547 453 584 Christum,
485 557 552 578 non
574 546 628 578 hic
651 556 750 589 super
776 557 848 578 eam
871 547 1026 579 fundatus

288 594 349 621 est.
364 588 398 621 ii.
415 593 488 622 425.

289 632 428 682 quaestio
440 633 481 664 de
496 633 567 676 ejus
578 633 842 683 proprietatibus,
855 637 905 665 est
920 643 1026 675 quaes-

289 681 337 708 uo
353 675 394 708 de
402 678 475 719 jure
489 678 614 717 imperii.
629 676 664 709 il.
680 681 753 709 430.

289 718 423 762 cognito
461 720 542 762 quid
569 719 612 752 sit
641 720 788 758 ecclesia,
818 718 1028 761 cognoscitur

241 786 243 788 -
287 772 355 795 una
369 763 463 806 cujus
483 762 527 795 sit
551 762 726 806 imperium
750 763 786 795 in
810 762 1026 796 Christianos

288 805 324 838 ii.
339 810 413 839 430.

288 849 460 882 coelibatus
481 849 789 890 ecclesiasticorum,
804 860 869 892 quo
892 853 1026 891 spectat.

288 892 323 924 ii.
342 893 566 935 4312—quid
594 893 795 925 incommodi
823 891 1028 936 principibus

288 935 387 968 talem
402 936 590 968 coelibatum
605 936 826 978 consequitur.
842 935 878 967 ii.
894 939 1013 967 431-2.

289 979 410 1022 quibus
439 979 538 1012 variis
567 980 755 1012 nominibus
784 979 820 1011 in
850 977 1030 1021 Scripturis

290 1028 425 1055 vocatur
439 1023 530 1055 locus
556 1022 613 1055 ubi
638 1023 792 1055 dicuntur
805 1021 910 1054 futuri
925 1021 1028 1053 eccle-

291 1065 348 1098 siae
364 1066 484 1099 hostes.
501 1065 548 1098 iii.
565 1066 746 1099 5182—illa
770 1070 969 1107 congregata
988 1064 1029 1096 de

290 1109 363 1141 loco
379 1109 606 1142 damnatorum
630 1109 715 1142 nihil
739 1109 898 1141 hactenus
911 1107 1025 1140 defini-

291 1152 348 1185 vit.
363 1152 443 1185 ibid.

290 1195 449 1228 articulus
466 1195 656 1228 vicessimus
670 1195 816 1228 ecclesiae
832 1194 1028 1236 Anglicanae

291 1238 382 1278 dicit,
398 1239 487 1289 quod
502 1239 586 1271 nihil
609 1239 651 1271 ab
674 1239 813 1271 eeclesia
829 1237 1028 1286 credendum

291 1282 421 1325 injungi
451 1282 558 1321 debet,
588 1282 678 1324 quod
704 1293 771 1314 non
800 1293 819 1314 e
850 1280 1030 1323 Scriptum

293 1325 403 1358 Sacris
419 1325 538 1358 deduci
553 1325 668 1369 possit.
683 1325 730 1358 iii.
748 1328 819 1358 537.

292 1369 456 1411 quomodo
470 1369 608 1401 ecclesia
618 1368 803 1411 Anglicana
816 1369 1032 1411 interpretata

291 1417 343 1444 est
357 1412 456 1444 verba
471 1412 580 1454 angeli
595 1412 635 1444 ad
651 1413 674 1445 J
676 1412 845 1462 osephum,
860 1415 940 1453 quod
953 1415 1030 1445 enim

291 1457 324 1487 in
339 1457 392 1486 illa
405 1465 571 1488 GENITUM
586 1461 637 1488 est.
652 1461 713 1487 etc.
727 1455 774 1487 iii.
791 1460 863 1488 538.

291 1504 466 1542 postquam
482 1499 535 1531 die
545 1499 757 1531 Pentecostes
769 1499 913 1541 Spiritus
929 1500 1030 1533 Sanc-

942 230 1140 264 INDEX.

1093 330 1180 363 unde
1201 330 1239 362 fit
1264 334 1302 362 ut
1324 336 1472 373 pastores
1488 336 1635 375 tempore
1650 332 1831 375 Apostolo-

1092 385 1165 406 rum
1191 373 1324 405 morbos
1377 374 1525 407 hrenesis
1547 381 1581 408 et
1602 376 1723 408 furoris
1744 387 1832 420 saepe

1093 417 1289 455 sanaverint,
1302 384 1399 449 hodie
1415 424 1523 450 autem
1538 418 1682 458 minime,
1693 419 1834 462 quaestio

1094 460 1295 492 difficillima.
1315 460 1361 492 iii.
1377 462 1687 505 480-lz—ejusdem
1711 462 1833 495 solutio

1093 503 1148 546 pia
1162 509 1195 535 et
1211 503 1397 546 probabilis.
1414 505 1460 536 iii.
1473 509 1545 537 481.

1094 546 1259 589 quomodo
1284 547 1497 580 ecclesiastici
1519 547 1686 580 civitatem
1701 548 1753 581 vel
1776 559 1831 581 re-

1094 601 1168 631 gem
1183 590 1236 622 cui
1252 597 1474 630 succenseant,
1484 591 1644 623 seditione
1659 591 1833 642 suggillari

1095 633 1228 665 faciunt.
1244 633 1290 666 iii.
1302 636 1362 667 507
1371 635 1466 666 z-ali
1493 634 1601 666 uando
1615 640 1653 667 ut
1666 635 1833 678 principes

1095 677 1179 708 alter
1201 676 1339 708 alterum
1367 677 1475 720 suggil
1490 683 1556 710 ent.
1571 677 1651 711 ibid.
1659 678 1753 711 z—de
1773 678 1831 711 de-

1095 719 1190 752 cimis
1214 726 1248 752 et
1273 719 1503 753 donationibus
1525 731 1706 754 cremorem
1734 727 1833 754 wrrae

1096 762 1269 805 accipiunt.
1291 763 1370 796 ibid.
1379 770 1563 796 :--moneta
1588 775 1686 807 quam
1711 765 1832 808 accipi-

1095 811 1166 845 unt,
1196 806 1308 838 eadem
1338 818 1412 839 cum
1438 807 1497 839 illa
1523 807 1681 840 laicorum
1694 821 1703 846 ;
1733 819 1833 851 quam

1096 849 1237 888 solvunt,
1252 852 1447 891 indulqentiae,
1462 853 1564 888 missae.
1578 857 1640 884 etc.
1654 851 1734 884 ibid.

1096 892 1183 925 inter
1194 893 1431 926 ecclesiasticos
1440 900 1473 926 et
1484 894 1626 926 lemures
1641 894 1832 929 similitudo-

1094 935 1142 968 iii.
1158 939 1269 970 505-7.

1095 980 1253 1018 Romana,
1269 980 1400 1022 quando
1426 980 1567 1013 decretis
1583 979 1652 1014 suis
1667 981 1833 1024 arrogavit

1096 1022 1159 1055 sibi
1185 1022 1272 1055 circa
1295 1023 1450 1056 articulos
1475 1024 1553 1056 fidei
1574 1035 1686 1057 errare
1707 1035 1743 1057 se
1764 1035 1832 1057 non

1095 1076 1200 1108 posse.
1216 1066 1262 1098 iii.
1280 1070 1486 1110 544.—-quos
1495 1067 1644 1100 comburi
1655 1067 1757 1111 jussit
1765 1068 1833 1100 Lu-

1097 1109 1261 1148 theranos‚
1299 1111 1546 1153 Anabaptistas,
1580 1116 1614 1143 et
1642 1111 1735 1150 alios,
1770 1121 1833 1154 pro

1097 1152 1295 1186 Christianis
1310 1153 1434 1186 habuit.
1450 1153 1497 1186 iii.
1513 1158 1576 1186 545
1586 1154 1676 1187 z-de
1690 1154 1833 1198 impera-

1097 1201 1205 1227 torum
1216 1196 1422 1228 ethnicorum
1434 1197 1716 1240 persecutionibus
1730 1209 1833 1241 quare

1095 1238 1209 1281 inique
1224 1240 1446 1282 conqueritur.
1462 1239 1509 1271 iii.
1523 1245 1635 1274 545-6.

1096 1282 1294 1324 Anglicanae
1309 1288 1413 1315 status
1429 1283 1490 1316 sub
1510 1284 1713 1323 Elizabetha,
1724 1284 1834 1327 quoad

1097 1325 1239 1357 haereses
1265 1325 1382 1359 similis
1408 1332 1478 1359 erat
1503 1327 1651 1360 ecclesiae
1675 1328 1833 1360 Romanas

1097 1368 1197 1400 statui
1209 1369 1268 1401 sub
1279 1369 1496 1403 Constantino
1509 1370 1642 1411 Magno.
1654 1370 1700 1403 iii.
1715 1375 1835 1404 546:—

1097 1412 1242 1444 conditio
1257 1412 1425 1452 hodierna,
1441 1413 1557 1455 qualis.
1572 1413 1620 1446 iii.
1634 1417 1707 1448 547.

1098 1455 1246 1498 regimen
1269 1456 1525 1488 ecclesiasticum
1549 1457 1714 1499 quomodo
1735 1456 1835 1490 initio

1097 1498 1184 1531 Belli
1200 1499 1316 1532 Civilis
1331 1499 1606 1533 administratum.
1621 1500 1668 1533 iii.
1685 1505 1758 1534 560.

292 1547 346 1574 tus
360 1542 396 1574 in
411 1542 591 1585 Apostolos
603 1541 777 1574 visibiliter
799 1542 1031 1583 descendisset,
1054 1542 1531 1575 EchESIASTBs—-verborum
1553 1545 1755 1582 Ecclesiam«,
1768 1545 1836 1576 dia-i

293 1585 431 1618 ecclesia
446 1585 511 1617 Dei
527 1596 702 1628 personam
717 1585 829 1628 gessit.
844 1585 879 1618 ii.
897 1591 965 1619 132.

292 1639 369 1667 non,
377 1629 471 1671 quasi
479 1629 624 1668 Goshen,
636 1635 726 1661 tanta
735 1629 868 1661 omnino
877 1629 951 1662 luce
961 1630 1030 1662 fru-

292 1672 361 1704 itur
376 1678 499 1715 quanta
513 1683 594 1715 opus
609 1677 659 1704 est
681 1673 723 1704 ad
745 1683 841 1704 omne
854 1683 936 1716 opus
950 1673 1029 1706 faci-

293 1715 414 1748 endum
424 1716 512 1758 quod
522 1715 696 1758 imperavit
706 1715 778 1747 fleri
787 1717 889 1748 Deus.
898 1716 944 1749 iii.
955 1721 1030 1750 450.

293 1759 409 1798 errori,
425 1758 595 1791 ecclesiam
621 1770 695 1801 quae
717 1764 767 1791 est
792 1759 827 1790 in
850 1764 938 1792 terra
959 1771 1030 1792 esse

292 1812 431 1844 regnum
447 1802 584 1841 Christi,
609 1808 642 1834 et
665 1813 766 1834 unum
785 1813 857 1834 esse
880 1814 900 1834 o

1097 1597 1148 1626 eqo
1171 1588 1204 1617 in
1234 1588 1320 1618 corde
1347 1599 1408 1618 meo
1437 1599 1525 1628 super
1552 1589 1671 1619 verbnm
1697 1589 1835 1628 filiorum

1098 1630 1203 1660 Adam
1218 1635 1289 1667 etc„
1305 1629 1385 1672 quid
1412 1635 1462 1662 est
1477 1641 1602 1662 sensus.
1618 1629 1666 1663 iii.
1683 1634 1746 1664 526
1761 1642 1835 1664 :—n

1097 1672 1247 1704 versione
1265 1674 1462 1714 Septuaginta
1484 1675 1624 1705 Virorum
1638 1673 1674 1706 in
1689 1684 1755 1716 quo
1769 1673 1836 1706 dif-

1097 1715 1216 1748 ferunt.
1240 1715 1319 1748 ibid.
1328 1716 1539 1759 z-judicium
1569 1717 1635 1749 diei
1664 1717 1776 1750 ultimi
1797 1717 1835 1750 in

1099 1759 1213 1791 eodem
1228 1758 1313 1792 libro
1329 1770 1415 1802 saepe
1430 1765 1601 1792 assertum.
1614 1759 1695 1794 ibid.

924 1809 1031 1836 ortere
1055 1802 1290 1845 Ecuo-quid,
1306 1802 1328 1835 i.
1343 1807 1417 1835 401.

292 1845 460 1878 hominem
476 1845 534 1887 qui
546 1856 718 1888 personam
731 1845 857 1879 Christi
869 1814 1031 1879 Ciiristia-
1054 1845 1271 1878 EDICTA—et
1297 1846 1429 1878 decreta
1450 1846 1647 1890 principum,
1669 1846 1837 1890 quomodo

292 1888 346 1920 nis
375 1889 527 1921 omnibus
556 1894 780 1931 repraesentet,
810 1889 890 1932 quid
916 1901 1030 1922 conse-

293 1942 399 1974 quens
413 1937 472 1965 est.
487 1931 534 1964 iii.
549 1936 660 1970 451-2,
676 1936 750 1965 453.

294 1975 458 2017 quomodo
482 1975 520 2007 fit
542 1975 631 2018 quod
655 1975 865 2007 ecclesiarum
888 1976 1030 2009 ministri

293 2024 328 2050 et
356 2026 503 2061 pastores
532 2029 652 2051 nomen
677 2018 742 2051 sibi
763 2025 930 2052 assumant
951 2022 1029 2053 cleri.

292 2061 339 2094 iii.
356 2066 427 2094 453.

293 2105 480 2137 sacerdotes
504 2105 650 2137 ecclesiae
674 2105 842 2143 Romanae,
858 2105 892 2137 in
916 2117 1031 2139 conse-

292 2148 493 2181 crationibus
516 2147 716 2191 quotidianis
739 2148 819 2198 quid
833 2148 966 2182 faciunt.
983 2150 1029 2183 iii.

291 2195 355 2224 455
373 2191 541 2224 z—verba
569 2202 661 2224 sacra
688 2192 723 2223 in
752 2198 1030 2225 incantamentum

291 2240 430 2267 mutant.
454 2235 549 2268 ibid.:
560 2235 820 2278 —impudenter
848 2246 966 2278 panem
994 2236 1029 2268 in

292 2277 509 2317 hominem,et
519 2278 606 2320 quod
616 2278 721 2321 magis
732 2283 782 2310 est
793 2277 942 2310 inDeum
952 2290 1030 2311 con·

292 2321 429 2354 vertisse
453 2332 488 2353 se
503 2322 674 2354 affirmant.
690 2321 770 2354 ibid.
778 2321 1030 2355 2—adorundum

291 2375 363 2396 esse
373 2364 494 2407 jubent
507 2370 665 2415 tanquam
680 2370 766 2398 esset
781 2364 934 2398 Christus
949 2365 1030 2409 ipse,

290 2407 384 2440 Deus
399 2413 433 2440 et
448 2407 556 2441 homo.
571 2408 653 2441 1bid.

289 2450 428 2483 ecclesia
454 2451 602 2484 Romana
623 2450 806 2483 doctrinam
821 2450 862 2483 de
878 2452 1029 2484 transub-

290 2493 454 2526 stantione
463 2504 530 2526 non
541 2494 700 2526 stabilivit
712 2500 788 2526 ante
798 2494 1028 2527 Innocentium

1098 1889 1358 1931 promulgantur.
1371 1889 1405 1922 ii.
1419 1894 1492 1923 321.

1056 1931 1317 1965 Ennomus—et
1341 1932 1566 1975 phaenomena,
1596 1945 1671 1976 quse
1694 1939 1782 1967 sunt.
1809 1934 1833 1968 i.

1099 1979 1118 2007 5
1130 1975 1323 2018 :—-cognitio
1343 1976 1479 2008 effectus
1493 1987 1536 2009 ex
1549 1977 1683 2020 cognita
1695 1988 1835 2020 genera-

1098 2018 1187 2051 tione
1203 2019 1368 2061 quomodo
1383 2019 1508 2062 acquiri
1521 2026 1640 2063 potest.
1652 2020 1732 2054 ibid.

1098 2061 1128 2094 is
1157 2073 1254 2105 quem
1283 2068 1505 2106 expectamus,
1537 2063 1690 2106 praestari
1724 2069 1836 2107 potest

1099 2105 1241 2148 quando.
1256 2105 1277 2138 i.
1297 2110 1368 2138 108.

1098 2149 1251 2181 effectum
1270 2149 1466 2191 productum
1481 2159 1553 2182 esse
1566 2149 1681 2183 eodem
1694 2149 1835 2183 instanti

1099 2202 1164 2234 quo
1189 2202 1287 2224 causa
1309 2192 1353 2224 sit
1374 2192 1514 2234 integra.
1530 2192 1552 2225 i.
1572 2196 1833 2233 1082—omnem‚

1098 2235 1223 2268 habere
1235 2246 1365 2267 causam
1377 2235 1603 2268 necessariam.
1613 2236 1835 2270 ibim—effee-

1098 2283 1190 2311 tuum
1200 2278 1445 2321 generationem
1453 2279 1643 2311 continuam
1652 2280 1833 2314 esse.i.109.

1098 2321 1182 2353 nihil
1197 2332 1269 2354 esse
1283 2327 1392 2364 potest
1402 2321 1437 2353 in
1446 2322 1573 2359 effectu,
1586 2323 1676 2373 quod
1688 2334 1755 2356 non
1769 2323 1835 2358 fuit

1096 2364 1132 2396 in
1148 2364 1258 2407 aliqua
1268 2370 1361 2408 parte
1375 2375 1482 2397 causae
1498 2376 1575 2398 suae.
1590 2376 1634 2399 iv.
1649 2370 1724 2400 222.

1097 2407 1233 2440 effectus
1258 2414 1385 2440 naturae
1408 2407 1496 2440 idem
1521 2408 1602 2451 quin
1625 2420 1645 2441 a
1664 2410 1748 2449 Deo,
1763 2410 1832 2443 Nn-

1097 2456 1180 2483 turae
1209 2450 1389 2490 conditore,
1418 2451 1531 2484 multis
1559 2452 1667 2485 modis
1694 2453 1834 2496 produci

1095 2494 1251 2537 potuerit,
1266 2494 1350 2526 nihil
1365 2494 1526 2546 prohibet.
1542 2495 1585 2528 iv.
1599 2500 1754 2529 299-800.

290 2537 434 2570 tertium.
445 2537 491 2569 iii.
502 2537 843 2570 4562—incantatione
859 2537 949 2580 quali
964 2538 1029 2570 uti·
1053 2536 1149 2576 εἶδος,
1165 2536 1314 2576 εἴδωλον,
1329 2537 1409 2576 ε’δεα.
1426 2538 1553 2571 Graecis
1573 2538 1663 2581 quid.
1675 2538 1698 2572 i.
1713 2543 1789 2573 829.

289 2580 395 2613 turin
409 2586 612 2613 sacramento
627 2580 791 2624 baptismi.
803 2580 882 2613 ibid.
891 2580 1028 2613 :—ritus
1053 2580 1136 2617 εἵς-
1143 2580 1341 2623 praepositio,
1355 2581 1389 2613 in
1410 2581 1560 2623 symbolo
1574 2582 1703 2615 Niceno
1728 2582 1833 2626 signi-

288 2623 377 2656 circa
405 2623 661 2662 matrimonium,
691 2629 874 2656 extremam
898 2624 1026 2656 unctio—

1096 2623 1173 2656 ficat
1184 2625 1335 2656 hactenus.
1350 2624 1396 2657 iii.
1412 2629 1484 2657 511.

288 2677 375 2707 nem,
391 2666 611 2700 visitationem
625 2666 857 2710 aegrotantium
873 2672 946 2706 etc.‚
961 2678 1027 2700 non
1052 2666 1435 2710 εῖμαρμένη-ειχαιιινη,
1447 2667 1535 2700 idem
1544 2667 1733 2712 significant
1743 2669 1834 2713 quod

289 2710 360 2743 sine
374 2709 654 2743 incantationibus
665 2710 807 2760 peragit.
822 2709 870 2742 iii.
885 2713 960 2744 457.

1093 2712 1241 2743 decretum
1256 2716 1426 2744 aeternum.
1440 2711 1486 2744 iii.
1501 2714 1575 2746 517.

312 2754 377 2786 uod
402 2754 437 2786 in
461 2753 601 2786 ecclesia
622 2759 791 2796 primitiva
805 2753 901 2786 multi
916 2759 1027 2786 essent
1052 2755 1166 2792 ἐκεῖνο.
1181 2754 1354 2787 εκείνινον.
1369 2754 1390 2786 i.
1409 2758 1479 2787 105.

339 2796 491 2836 moniaci,
500 2796 596 2840 pauci
611 2796 795 2839 phrenetici
810 2801 868 2829 aut
881 2796 1026 2835 lunatici,
1052 2797 1356 2830 Ennius—filius
1371 2797 1527 2837 Aaronis,
1551 2808 1700 2831 summus
1725 2809 1836 2832 sacer·

285 2840 385 2873 hodie
410 2839 595 2891 phrenetici
617 2845 662 2890 et·
673 2839 810 2872 lunatici
837 2839 943 2890 multi,
958 2840 1025 2873 dae-

286 2883 428 2916 moniaci
439 2883 535 2921 nulli,
545 2894 565 2915 a
575 2893 744 2916 nominum
754 2888 934 2917 mutatione
948 2894 1024 2927 pro-

286 2927 409 2960 fectum
425 2931 485 2961 est.
500 2926 547 2960 iii.
562 2930 636 2960 480.

1094 2840 1165 2879 dos,
1195 2851 1357 2873 summam
1391 2841 1509 2874 habuit
1542 2847 1739 2892 potestatem
1762 2853 1834 2893 <1339

1095 2888 1242 2927 tempore
1257 2884 1421 2923 Joshuam
1434 2883 1552 2918 ducem
1565 2884 1647 2919 sumt
1664 2885 1771 2922 Dona.
1782 2896 1832 2921 m-

1090 2931 1208 2960 3434.
1225 2926 1259 2960 ii.
1274 2931 1348 2962 364.

1974 1666 1975 1671 Α
1973 1553 1982 1636 ,ᾖα-Α-
1972 1423 1982 1543 mam.
1973 1374 1982 1411 u-..
