1982 3204
148 391 239 418 CAP.
262 393 333 419 vlt.

145 438 335 460 z-—q-—ae

130 475 176 504 De
188 476 290 504 mediis
304 485 366 514 pro-

128 520 347 556 portionalibus.

401 252 493 295 186
698 263 989 296 PRINCIPIA
1015 263 1082 297 ΕΤ
1107 260 1480 297 PROBLEMATA

396 372 479 421 CG
514 373 714 436 aequalis
750 373 834 433 Cb,
868 383 919 422 et
950 375 999 422 in
1031 374 1118 422 AC
1158 374 1398 438 producta
1434 380 1646 438 ponatur
1686 375 1780 422 CH

394 449 590 512 aequalis
615 448 701 508 Ca,
727 449 1029 514 dueaturque
1055 451 1166 507 HD,
1193 458 1244 497 et
1274 451 1511 513 jungatur
1534 450 1637 508 AG,
1662 451 1783 498 GH:

395 533 541 573 erunt
563 525 809 589 triangula
831 526 975 584 ACG,
1003 525 1158 583 GCH‚
1199 525 1339 573 HCD
1365 525 1610 589 triangula
1633 526 1784 589 aequi-

393 600 589 663 angula.

460 691 585 725 vl11.
624 676 871 735 Similiter,
897 677 937 724 si
963 676 1047 725 CD
1071 687 1338 741 poneretur
1362 677 1412 724 in
1435 676 1587 724 latere
1612 676 1710 735 CB,
1735 683 1784 724 et

392 767 534 800 arcus
559 751 640 815 Df
652 760 814 800 sectus
846 752 993 800 fuerit
1031 753 1423 816 quinquifariam,
1447 752 1785 800 invenirentur

390 827 522 875 inter
558 827 646 875 AC
680 834 730 875 et
771 826 856 876 CD
904 836 1113 891 quatuor
1155 828 1331 876 mediae
1374 828 1781 892 proportionales.

393 903 644 966 Siquidem
668 911 831 951 autem
857 903 943 952 CD
968 911 1235 967 poneretur
1261 905 1312 951 in
1338 903 1425 953 AC
1450 903 1706 968 producta,
1731 912 1783 952 et

391 986 553 1027 sectus
577 979 725 1027 fuerit
748 980 955 1042 angulus
973 980 1090 1027 DEc
1114 980 1430 1043 septifariam,
1449 980 1785 1028 invenirentur

393 1071 478 1102 sex
512 1054 687 1103 mediae
723 1055 1111 1118 proportionales
1140 1056 1270 1104 inter
1294 1065 1537 1104 extremas
1568 1055 1780 1104 easdem.

459 1145 540 1178 lx.
577 1130 738 1178 Causa
760 1131 998 1179 naturalis
1017 1131 1237 1179 veritatis
1255 1131 1415 1194 hujus,
1429 1130 1560 1179 unde
1585 1131 1784 1179 eviden-

392 1206 578 1254 tissima
603 1206 759 1254 oritur
783 1206 1153 1265 demonstratio,
1178 1207 1458 1270 hujusmodi
1494 1214 1585 1255 est.
1657 1207 1784 1270 Sup-

391 1282 553 1345 posito
579 1282 712 1345 quod
736 1289 885 1329 rectae
910 1282 1012 1338 AC,
1038 1282 1122 1330 BC
1143 1282 1394 1345 productae
1428 1289 1591 1330 essent
1626 1281 1784 1330 donec

394 1357 777 1421 duplicarentur,
797 1365 847 1404 et
870 1365 1019 1405 rectae
1042 1373 1148 1421 quae
1172 1358 1407 1405 terminos
1431 1373 1598 1405 earum
1618 1357 1784 1421 jungit

394 1433 555 1481 ductae
599 1432 797 1488 fuerint,
839 1441 983 1481 erunt
1028 1433 1106 1481 hae
1143 1433 1351 1481 totidem
1393 1433 1690 1497 diagonales,
1732 1440 1784 1480 et

390 1509 609 1556 facerent
648 1508 745 1556 tria
778 1508 1026 1571 triangula
1057 1509 1264 1572 aequalia
1297 1516 1347 1557 et
1376 1509 1567 1557 similia.
1638 1507 1783 1556 Unde

391 1591 636 1647 sequetur,
662 1583 794 1646 quod
818 1593 1028 1646 quatuor
1050 1584 1134 1632 illa
1168 1585 1324 1632 latera
1354 1592 1517 1632 essent
1550 1585 1782 1633 continue

388 1659 775 1723 proportionalia
812 1659 863 1706 in
903 1660 1093 1707 ratione
1125 1660 1434 1723 aequalitatis,
1460 1676 1669 1724 quorum
1692 1660 1780 1708 AC

390 1743 466 1782 est
488 1735 716 1798 primum,
749 1734 817 1782 Ce
851 1744 1094 1798 quartum.
1168 1735 1342 1799 Itaque
1379 1742 1435 1784 ut
1471 1736 1601 1783 inter
1623 1735 1711 1784 AC
1733 1743 1783 1784 et

390 1809 493 1868 CD,
518 1811 632 1873 quia
671 1811 832 1858 minor
865 1820 940 1858 est
978 1810 1064 1859 CD
1107 1827 1254 1874 quam
1290 1809 1357 1860 Ce
1385 1811 1659 1874 quantitate
1690 1811 1783 1868 Dc,

388 1885 701 1933 inveniantur
720 1886 829 1934 duae
849 1886 1051 1934 mediae:
1078 1903 1190 1934 cum
1215 1887 1491 1935 differentia
1506 1887 1581 1935 Dc
1596 1887 1784 1935 oriatur

389 1977 419 2008 a
457 1961 614 2008 tribus
658 1961 851 2009 mulctis
891 1962 991 2009 sive
1033 1962 1438 2011 diminutionibus
1474 1963 1641 2011 lateris
1683 1963 1781 2021 BC,

388 2052 564 2100 nempe
588 2036 663 2096 cb,
688 2036 764 2095 ba,
789 2037 886 2095 aD,
922 2038 1254 2086 necessarium
1295 2047 1370 2087 est
1410 2046 1465 2087 ut
1506 2038 1784 2087 differentia

389 2111 466 2160 Dc
507 2113 755 2160 dividatur
785 2113 836 2160 in
873 2121 973 2161 tres
1013 2122 1179 2177 partes
1211 2113 1282 2172 cb,
1322 2114 1398 2173 ba,
1426 2114 1507 2162 aD
1549 2115 1782 2162 continue

387 2188 794 2251 proportionales.
864 2190 929 2236 Et
964 2190 1079 2252 quia
1115 2190 1323 2252 angulus
1357 2190 1485 2237 CAB
1527 2199 1603 2237 est
1639 2190 1782 2238 semi-

388 2271 567 2321 rectus‚
585 2264 731 2311 etiam
755 2265 961 2327 angulus
980 2264 1114 2323 DEc,
1133 2281 1164 2312 a
1188 2266 1326 2328 cujus
1345 2273 1528 2328 puncto
1549 2266 1588 2313 E
1609 2265 1781 2314 divisio

387 2347 538 2387 rectae
570 2338 646 2387 Dc
686 2340 737 2387 in
778 2347 877 2387 tres
916 2349 1082 2403 partes
1115 2341 1348 2388 continue
1390 2342 1781 2403 proportionales

388 2414 676 2472 instituitur,
703 2414 849 2462 debet
873 2416 1020 2463 etiam
1045 2431 1148 2463 esse
1173 2416 1473 2464 semirectus.
1533 2417 1780 2466 Quoniam

388 2497 552 2538 autem
578 2490 750 2538 divisio
773 2490 856 2538 illa
880 2491 930 2538 in
953 2499 1052 2538 tres
1070 2500 1234 2554 partes
1257 2492 1313 2539 fit
1336 2507 1424 2555 per
1447 2492 1781 2542 trisectionem

389 2566 556 2628 anguli
592 2565 852 2624 semirecti,
885 2582 977 2613 nec
1004 2566 1175 2614 aliter:
1212 2574 1263 2614 et
1297 2567 1347 2614 in
1381 2568 1628 2616 sumendis
1661 2586 1781 2631 qua-

390 2650 504 2690 tuor
529 2641 715 2700 mediis,
731 2657 819 2705 per
841 2642 1332 2706 quinquisectionem,
1357 2659 1449 2690 nec
1467 2644 1636 2692 aliter:
1661 2645 1780 2694 item

390 2717 441 2765 in
465 2717 710 2766 sumendis
736 2733 819 2765 sex
843 2716 1016 2765 mediis
1038 2718 1498 2781 proportionalibus,
1522 2737 1610 2783 per
1633 2722 1782 2785 septi-

390 2794 672 2853 sectionem,
716 2809 805 2842 nec
845 2793 1000 2856 aliter,
1043 2800 1092 2841 et
1132 2794 1202 2842 sic
1243 2794 1475 2844 ulterius:
1513 2796 1646 2846 nulla
1685 2796 1782 2845 alia
