1982 3204
321 258 417 310 378
882 270 1148 304 ms'romA

378 379 484 422 Tale
505 379 611 422 nihil
631 379 741 423 dixit
764 379 920 424 Sancta
941 381 1155 425 Cathedra
1178 380 1306 423 Sinae.

322 444 406 489 Sed
426 452 597 488 contra:
632 452 659 471 “
671 446 739 489 De
759 462 826 490 me
847 448 1005 490 frustra
1025 447 1270 503 quicunque
1291 446 1488 502 loqueris,

376 517 403 536 “
424 511 527 554 Non
547 512 719 569 impune
739 512 859 556 seres.
924 513 1033 557 SUM.
1095 513 1196 556 Tibi
1218 513 1274 556 sit
1293 513 1395 556 satis
1414 513 1529 557 hoc.”
1599 517 1708 556 1080

319 578 426 628 Vos,
448 579 474 620 ὂ
495 578 703 621 Doctores
725 579 875 630 Graeoi,
893 595 968 622 cur
988 579 1127 622 dicitis
1148 579 1223 621 uni

376 644 484 687 Tres
505 644 750 701 hypostases
771 645 950 701 simplici
970 645 1105 688 inesse
1126 645 1250 688 Deo?

320 709 408 764 Qui
429 710 574 754 scitis?
637 711 683 755 Si
703 727 788 755 non
809 712 936 762 scitis,
959 727 1012 754 ne
1032 711 1159 754 dicite
1179 711 1362 754 frustm:

376 776 508 820 Nuda
526 777 651 820 Libri
675 778 792 821 Sacri
813 778 899 820 sint
918 778 998 821 tibi
1018 779 1146 821 verba
1167 777 1278 820 satis.

318 843 424 886 Esse
445 843 587 886 Deum
610 843 829 888 Christum
851 844 959 887 liber
978 844 1046 887 hic
1067 844 1252 886 declarat
1271 850 1429 900 aperte,

377 911 521 966 Atque
541 910 860 968 Deo-genitum.
926 910 1014 964 Qui
1035 918 1164 966 queat
1185 926 1287 961 esse,
1309 912 1463 967 rogas?

320 976 474 1028 Stulte,
496 977 613 1032 prius
634 977 775 1019 videas
796 993 849 1020 an
870 977 1003 1033 possis
1024 992 1195 1020 noscere
1216 978 1268 1020 ab
1289 983 1388 1019 actu

374 1043 472 1100 Ipse
493 1043 558 1085 tui
578 1043 722 1099 patris,
745 1043 859 1099 quod
878 1043 1143 1100 generandus
1163 1058 1268 1085 eras.

319 1109 400 1160 Tu,
422 1109 497 1164 qui
517 1125 662 1152 musca
683 1110 787 1165 quid
807 1116 872 1152 est
891 1125 1032 1152 aevum
1053 1109 1234 1152 nescibis
1253 1109 1298 1151 in
1319 1124 1456 1159 omne,

376 1175 493 1230 Quid
513 1176 588 1219 fiet
607 1183 818 1233 expectas,
839 1176 1043 1233 improbe,
1065 1176 1171 1218 scire
1192 1176 1344 1219 Deus?
1599 1178 1706 1216 1090

317 1241 551 1284 Pharmaca
569 1242 752 1298 peccatis
772 1258 936 1285 summo
957 1257 1009 1284 ne
1029 1249 1158 1299 tange
1178 1243 1330 1299 palato.

377 1307 526 1351 Sanari
546 1307 581 1350 si
601 1307 678 1358 vis,
699 1308 826 1364 injice
846 1308 969 1351 fortis
990 1308 1124 1351 hians.

316 1373 432 1416 Nam
453 1389 569 1417 sacra
589 1374 664 1430 qui
683 1374 822 1431 logico
842 1375 1006 1417 mandit
1026 1373 1228 1431 mysteria
1247 1373 1388 1424 dente,

374 1440 506 1484 Hunc
526 1440 692 1498 vertigo
712 1441 838 1497 capit,
860 1455 1115 1497 nauseaque,
1137 1446 1180 1483 et
1200 1439 1415 1482 vomitus'.

317 1507 397 1549 Pr.
430 1506 701 1563 Philosophis
721 1507 805 1550 illis
826 1506 1007 1550 Nicenis
1027 1513 1130 1550 nota
1149 1505 1325 1548 suerunt

374 1572 483 1615 Haec
504 1572 618 1624 satis,
639 1579 684 1615 et
704 1573 868 1616 scibant
889 1573 993 1628 quid
1013 1588 1131 1615 sacra
1149 1573 1279 1615 verba
1297 1572 1462 1615 docent.

319 1638 403 1682 Sed
423 1638 616 1682 doctrina
635 1638 720 1682 Dei
747 1654 832 1682 non
853 1639 1104 1696 expediebat
1123 1653 1270 1681 eorum

374 1704 586 1756 Consiliis,
607 1705 755 1748 mundi
772 1721 878 1761 quos
898 1706 1087 1762 agitabat
1106 1720 1247 1748 amor:

315 1771 362 1814 N
364 1787 412 1815 ec
431 1772 638 1829 populum
659 1772 808 1814 mundi
827 1778 949 1815 tanta
968 1771 1190 1815 dulcedine
1211 1770 1336 1828 cepit,

375 1838 547 1893 Quanta
568 1839 728 1883 venalis
747 1839 886 1896 gratia
906 1838 1178 1882 Pontificum.
1596 1840 1704 1880 1100

315 1905 515 1962 Namque
536 1921 633 1949 suos
655 1905 852 1949 Christus
867 1907 993 1963 jubet
1013 1921 1158 1949 omnes
1178 1904 1360 1948 invicem
1380 1919 1532 1955 amare,

372 1971 432 2014 Et
452 1974 562 2016 bona
581 1972 730 2016 vicinis
751 1972 890 2015 omnia
911 1972 1020 2016 velle
1041 1971 1139 2015 suis.

314 2044 342 2063 ‘⁶
365 2038 476 2093 Quae
496 2040 608 2082 bona
628 2054 714 2081 non
734 2046 810 2082 tua
829 2045 943 2090 sunt,
965 2039 1110 2082 sormae
1131 2043 1345 2095 spectator
1363 2043 1408 2080 et
1426 2036 1531 2087 auri,

373 2111 400 2130 “
420 2104 467 2147 N
469 2120 491 2148 e
513 2104 693 2162 cupias’',
714 2105 870 2161 inquit,
893 2110 920 2130 ‘⁶
936 2105 971 2148 si
991 2119 1111 2148 meus
1126 2119 1217 2147 esse
1237 2103 1395 2160 cupis''.

315 2171 526 2215 Omnibus
547 2172 573 2214 ὂ
593 2171 731 2228 legem
752 2171 902 2214 duram
922 2170 1096 2214 moechis
1116 2177 1160 2214 et
1179 2170 1329 2221 avaris,

373 2236 513 2291 Quam
534 2237 844 2280 mundanorum
866 2236 962 2292 quis
981 2236 1160 2279 tolerare
1188 2235 1362 2292 potest?

316 2303 446 2346 Irasci
466 2309 596 2354 vetat,
617 2309 662 2346 et
681 2303 848 2347 veniam
868 2303 1024 2346 donare
1045 2301 1210 2359 petenti

370 2369 452 2426 (Et
471 2375 588 2426 puto,
611 2369 646 2412 si
666 2369 834 2413 veniam
855 2385 940 2413 non
960 2371 1100 2426 petat)
1122 2368 1194 2411 ille
1207 2368 1345 2424 jubet.

315 2434 499 2486 Christe,
520 2442 639 2478 vetas
659 2451 713 2478 ne
734 2435 831 2491 quis
850 2436 1084 2493 sapientem
1105 2450 1149 2478 se
1169 2441 1293 2491 putet
1312 2449 1416 2485 esse,

370 2501 642 2558 Despiciatve
660 2501 809 2544 rudem
830 2501 1100 2558 simplicitate
1120 2501 1270 2544 virum.
1593 2504 1703 2542 1110

312 2567 462 2623 AEqua
482 2567 667 2623 quidem,
688 2583 835 2611 verum
855 2568 936 2611 tibi
956 2567 1074 2618 dura,
1096 2566 1355 2617 scholastice,
1375 2566 1445 2610 lex
1467 2573 1544 2618 est,

371 2634 461 2689 Qui
481 2633 599 2690 cupis
619 2633 791 2690 ingenio
811 2634 990 2677 subdere
1010 2640 1165 2677 cuncta
1183 2640 1270 2676 tuo.

312 2700 544 2757 Discipulis
564 2700 789 2751 Dominus,
812 2705 838 2726 “
854 2700 975 2751 non’'‚
997 2700 1120 2751 dixit,
1143 2705 1170 2725 “
1185 2700 1324 2757 cogite
1346 2699 1650 2756 quemquam”:

371 2767 525 2810 Invitis
546 2766 743 2823 quoniam
766 2766 903 2823 gratia
923 2773 1065 2823 spreta
1091 2765 1214 2823 perit.

636 2909 648 2927 ⁴
674 2909 779 2956 [Vide
804 2909 1035 2952 Lamnum,
1060 2909 1215 2955 Anglicc‚
1231 2921 1262 2955 p.
1277 2908 1374 2953 360]
