1982 3204
445 307 691 348 AmQUOT
716 306 1080 342 Gnomn‘rch
1105 305 1220 339 E'rc.
1431 294 1520 345 173

206 434 270 470 11.
306 419 571 470 Quantitas
610 420 777 484 anguli
807 418 1046 467 rectilinei
1078 425 1153 465 est
1175 416 1422 479 quantitas
1446 432 1522 464 ra·

138 494 290 545 tionis
333 512 479 559 quam
526 496 674 544 habet
714 492 1110 543 circumferentia
1149 491 1422 555 intercepta
1461 491 1525 539 ad

138 571 310 621 circuli
328 572 658 635 perimetrum.
1451 576 1455 579 ’

209 661 294 695 111.
332 647 514 710 Anguli
546 662 663 710 ergo
698 645 945 709 quantitas
981 660 1079 692 non
1104 651 1179 690 est
1200 642 1346 699 linea,
1370 657 1526 704 neque

140 722 438 786 superficies»,
462 737 619 785 neque
643 721 879 774 solidum;
916 718 1003 768 sed
1040 717 1289 782 quantitas
1325 716 1528 764 rationis

142 811 289 861 quam
327 797 474 845 habet
512 796 752 844 revolutio
791 794 916 843 radii
951 793 1015 841 ad
1060 793 1265 841 alteram
1311 791 1529 860 ejusdem

142 872 512 922 revolutionem.
1500 859 1532 904 N

211 962 289 998 lv.
326 946 522 996 Chorda
556 946 739 1010 anguli,
780 944 1205 1000 circumferentiae,
1246 941 1325 990 vel
1371 957 1530 999 arcus,

144 1029 222 1073 est
241 1029 379 1071 recta
398 1021 529 1069 linea
552 1037 662 1084 quae
677 1019 934 1083 conjungit
953 1019 1052 1067 duo
1070 1018 1302 1082 quaelibet
1325 1017 1533 1065 circum-

143 1097 366 1148 ferentiae
383 1104 582 1161 puncta.
642 1097 713 1145 Ut
735 1096 776 1144 si
794 1103 944 1144 rectae
967 1095 1065 1143 sint
1087 1095 1192 1157 (fig.
1206 1095 1254 1155 1)
1273 1093 1336 1141 ab
1361 1092 1532 1141 eodem

145 1180 334 1240 puncto
354 1173 459 1230 AB,
484 1171 573 1229 Ab,
605 1171 706 1228 Ac,
730 1179 780 1219 et
803 1170 1011 1234 angulus
1034 1169 1170 1218 ABD
1188 1177 1367 1227 rectus,
1392 1183 1535 1216 arcus

146 1257 314 1299 autem
347 1246 494 1295 BbC:
531 1255 650 1295 tunc
676 1254 813 1294 recta
841 1245 924 1294 BC
955 1253 1029 1293 est
1060 1243 1246 1293 chorda
1280 1244 1382 1292 sive
1422 1243 1536 1292 sub-

143 1331 289 1375 tensa
309 1339 453 1372 arcus
476 1322 575 1382 BC,
599 1331 652 1370 et
675 1330 813 1370 recta
837 1320 909 1369 Bb
932 1320 1118 1370 chorda
1140 1336 1282 1369 arcus
1307 1319 1394 1368 Bb.

214 1414 269 1448 v.
306 1399 452 1448 Sinus
483 1407 645 1446 rectus
682 1396 1089 1445 circumferentiae
1120 1404 1195 1444 est
1229 1402 1367 1443 recta
1389 1394 1540 1442 ducta
1559 1398 1570 1401 ’

149 1476 214 1525 ab
257 1490 358 1524 uno
397 1474 609 1523 termino
655 1472 1060 1521 circumferentiae
1106 1471 1170 1519 ad
1218 1470 1411 1518 radium
1456 1469 1540 1532 qui

151 1550 332 1601 transit
375 1565 463 1614 per
509 1549 772 1598 terminum
807 1548 1016 1596 alterum
1055 1546 1538 1611 perpendiculariter.

154 1626 226 1676 Ut
249 1625 320 1674 Be
340 1624 417 1673 vel
440 1623 505 1672 ab
529 1632 604 1672 est
626 1624 760 1672 sinus
783 1630 947 1671 rectus
970 1638 1111 1670 arcus
1136 1621 1223 1670 Bb.

220 1716 299 1750 vl.
334 1700 517 1749 Secans
538 1715 681 1748 arcus
702 1699 780 1746 vel
816 1697 1225 1746 circumferentiae
1260 1704 1335 1745 est
1357 1704 1492 1744 recta
1514 1712 1542 1744 e

153 1785 325 1828 centro
347 1775 498 1824 ducta
518 1791 607 1840 per
624 1791 776 1823 unum
800 1774 1065 1822 terminum
1088 1788 1245 1831 arcus,
1269 1773 1333 1821 ad
1356 1781 1542 1820 rectam

154 1869 267 1919 quae
305 1850 722 1917 perpendicularis
752 1849 949 1897 ducitur
980 1849 1030 1897 in
1060 1848 1271 1897 termino
1302 1848 1457 1897 altero
1479 1847 1543 1896 ad

155 1928 364 1980 radium.
434 1927 504 1975 Ut
526 1926 618 1974 AD
642 1934 718 1974 est
737 1941 907 1973 secans
930 1940 1072 1973 arcus
1097 1924 1195 1972 BC.

223 2018 327 2054 vn.
361 2003 591 2067 Tangens
630 2017 773 2050 arcus
813 2009 889 2049 est
933 2017 1042 2064 quae
1086 1999 1395 2064 intercipitur
1432 2015 1546 2063 pars

156 2087 308 2130 rectae
330 2079 458 2127 illius
480 2093 589 2142 quae
612 2077 809 2125 ducitur
838 2076 902 2125 ab
931 2076 1074 2125 initio
1106 2091 1249 2124 arcus
1284 2075 1546 2140 perpendi-

159 2155 407 2205 culariter.
478 2154 549 2202 Ut
583 2151 675 2202 BD
708 2161 784 2202 est
815 2160 1024 2217 tangens
1063 2167 1206 2200 arcus
1229 2151 1333 2211 BC,
1357 2151 1436 2200 vel
1458 2166 1548 2199 an-

226 2320 356 2355 vul.
390 2304 713 2354 Manifestum
735 2304 850 2352 hinc
873 2310 963 2363 est,
988 2303 1148 2352 sinum
1180 2310 1369 2352 rectum
1403 2317 1546 2350 arcus

160 2382 496 2446 cujuscunque
533 2395 640 2430 esse
681 2378 938 2428 dimidium
977 2378 1174 2427 chordae
1213 2394 1356 2427 arcus
1396 2377 1549 2441 dupli,

162 2456 265 2507 sive
286 2455 522 2505 chordam
545 2470 689 2503 arcus
712 2453 949 2518 aequalem
971 2468 1076 2502 esse
1097 2453 1246 2517 duplo
1269 2453 1397 2501 sinui
1413 2460 1551 2500 recto

164 2546 308 2581 arcus
346 2529 551 2579 dimidii.
621 2529 693 2578 Ut
719 2530 763 2578 si
795 2544 939 2577 arcus
967 2527 1039 2576 Bb
1069 2529 1133 2577 sit
1161 2528 1374 2576 semissis
1407 2542 1550 2576 arcus

167 2605 269 2665 BC,
291 2605 388 2654 erit
409 2605 559 2670 dupla
580 2605 645 2654 ab
668 2604 868 2669 aequalis
891 2603 1089 2653 chordae
1113 2603 1212 2652 BC.

234 2696 316 2731 lx.
349 2681 508 2730 Arcus
528 2681 689 2730 minor
710 2680 775 2729 ad
792 2696 931 2728 suam
952 2679 1187 2728 chordam
1205 2678 1444 2727 minorem
1466 2677 1554 2725 ha-

167 2758 256 2806 bet
290 2755 532 2805 rationem
564 2772 711 2820 quam
746 2771 889 2805 arcus
925 2756 1081 2819 major
1103 2753 1168 2803 ad
1201 2769 1354 2802 suam.
1425 2752 1553 2800 Nam

169 2832 298 2882 ratio
333 2846 477 2879 arcus
512 2831 596 2880 BC
618 2831 682 2880 ad
717 2830 952 2880 chordam
989 2845 1127 2878 suam
1161 2827 1245 2876 BC
1274 2827 1444 2876 eadem
1478 2834 1555 2873 est

170 2923 278 2972 quae
309 2905 382 2955 Bb
416 2905 605 2955 dimidii
639 2922 783 2956 arcus
816 2906 900 2954 BC
935 2904 999 2954 ad
1033 2903 1284 2952 dimidiam
1319 2900 1555 2950 chordam

1595 431 1686 458 CAP.
1707 430 1747 455 V.

1577 472 1767 498 s-r-—ae

1587 512 1769 552 ⁰⁶⁸8*ssss
