1982 3204
343 569 775 624 HISTORIA
829 565 1552 640 ECCLESIASTICA.

754 732 1146 779 DIALOGUS.

609 1089 974 1133 SECUNDUS,
1031 1089 1292 1135 PRIMUS,

796 1174 1103 1213 Interlocueores.

253 1279 342 1321 Sec.
373 1276 497 1332 Qum
517 1277 615 1329 fers,
639 1278 799 1329 Pana-2,
820 1279 953 1321 novi?
1011 1278 1216 1321 Visendae
1237 1294 1334 1335 quae
1355 1280 1440 1324 fuit
1459 1281 1577 1324 urbis

313 1343 454 1388 Causa
472 1345 567 1396 tibi,
587 1345 712 1388 modo
733 1346 808 1401 qui
828 1345 941 1388 ruris
962 1352 1127 1388 amator
1146 1347 1268 1388 eras?

253 1411 335 1453 Pr.
366 1410 461 1454 Rus
481 1410 584 1453 mihi
603 1426 746 1454 carcer
765 1418 885 1454 erat:
918 1426 1017 1467 quo,
1039 1412 1234 1467 quamvis
1255 1428 1342 1455 non
1361 1413 1470 1457 male
1489 1393 1649 1464 clauso,

314 1476 501 1520 Intravit
518 1477 630 1520 bello
650 1484 936 1534 praetereunte
960 1477 1121 1520 Metus.

256 1542 423 1587 Verum
444 1550 493 1586 tu
514 1543 618 1599 quid
637 1543 741 1600 agie,
762 1543 838 1599 qui
858 1558 1013 1600 magna
1032 1551 1153 1586 tutus
1173 1543 1215 1585 in
1237 1545 1343 1587 urbe

314 1609 473 1660 Invito,
495 1609 648 1660 Musis,
671 1609 826 1659 Marte,
851 1608 1078 1658 SECUNDE,
1100 1610 1258 1652 vacas?

258 1675 348 1719 Soc.
381 1675 478 1718 Non
498 1675 607 1718 facio
627 1675 771 1732 magui
794 1675 955 1725 Musas,
976 1675 1174 1719 doctasve
1194 1690 1355 1719 sorores
1367 1691 1380 1717 t

317 1740 431 1785 Sunt·
450 1741 532 1783 illae
553 1742 687 1784 nostri
707 1741 841 1783 tristis
861 1741 980 1798 origo
1000 1741 1111 1783 mali.

257 1805 417 1850 Nonne
437 1807 555 1849 vides
574 1822 715 1850 rerum
738 1814 855 1849 totus
874 1814 1067 1849 mutetur
1085 1813 1136 1849 ut
1156 1806 1259 1849 ordo
1276 1823 1286 1849 :

316 1871 470 1928 thue
490 1873 607 1929 pium
627 1873 790 1923 dicunt,
811 1872 926 1928 quod
946 1872 1031 1915 fuit
1049 1880 1149 1916 ante
1168 1873 1306 1915 scelus
1323 1873 1344 1912 ?
1594 1876 1648 1915 10

258 1937 503 1989 Perfidiam,
519 1938 668 1989 eaedes,
690 1939 887 1995 perjuria,
909 1938 1039 1989 furt&
1059 1938 1243 1995 rapinas,

317 2004 475 2048 Nonne
494 2005 613 2048 vides
632 2005 737 2048 civis
756 2005 889 2048 dicier
906 2012 1002 2048 acta
1018 2004 1153 2048 boni?

263 2070 406 2126 Quam
428 2070 627 2116 Christus
645 2071 757 2114 dixit
771 2071 975 2114 sinceram
995 2070 1272 2128 relligionem,

317 2138 564 2181 monstrant
583 2138 803 2195 perspicue
823 2137 979 2181 tradita
992 2139 1111 2193 jussa
1131 2137 1241 2181 Dei:

259 2204 412 2248 Addua
431 2220 457 2247 a
477 2203 640 2249 Christi
659 2205 907 2261 sperandam
927 2212 1064 2248 morte
1083 2204 1277 2255 salutem,

317 2271 503 2314 Munera
522 2278 699 2315 servatae
719 2271 951 2327 relligionis
970 2270 1111 2314 habes.

259 2338 341 2381 Pr.
372 2337 418 2380 N
420 2352 504 2380 unc
523 2337 827 2394 impossibilem
846 2336 1058 2392 quandam
1079 2336 1288 2380 formatur
1307 2335 1352 2379 in
1371 2341 1532 2379 artem:

319 2403 416 2447 Non
436 2403 582 2446 Pietas
601 2403 747 2453 vitam,
768 2402 1018 2460 Theiologin
1035 2402 1169 2445 dabit.

259 2467 417 2525 Deque
436 2469 521 2513 Dei
539 2470 690 2513 dieunt
709 2477 862 2512 natura
879 2469 1081 2526 dogmata
1099 2483 1209 2511 vana.

320 2534 533 2586 Fautores,
552 2536 710 2593 populo
729 2551 813 2579 non
829 2535 1033 2592 capienda
1051 2534 1160 2577 rudi.
1593 2533 1651 2572 20

261 2601 497 2646 Excutitur
514 2610 668 2645 natura.
686 2602 771 2645 Dei
789 2610 977 2645 secreta:
1008 2601 1225 2644 sciendum
1245 2606 1312 2642 est

321 2666 453 2722 Quid,
474 2667 658 2724 quando,
678 2682 824 2724 quare,
846 2666 1059 2723 quomodo
1078 2665 1174 2708 vult
1187 2671 1234 2707 et
1252 2664 1355 2721 agit.

263 2731 431 2776 Praeter
449 2748 569 2790 opus,
589 2733 705 2790 leges
724 2740 903 2783 sanctas,
925 2745 1164 2788 nomenque
1183 2729 1432 2778 timendum,

325 2797 443 2842 Scire
464 2798 607 2841 valent
621 2795 813 2841 homines
825 2797 878 2840 de
898 2796 1072 2840 Deitate
1092 2795 1208 2838 nihil.

269 2863 354 2908 Sed
374 2865 508 2908 nostri
529 2864 699 2907 voluere
720 2864 798 2907 viri
820 2863 1015 2920 praescire
1036 2861 1182 2911 videri,
