1982 3204
608 300 866 335 CENSURA
896 299 1110 334 BREVIS.
1488 292 1552 334 63

649 485 980 519 PROPOSITIO
1014 484 1077 518 11.

241 570 338 619 Ubi
356 571 487 620 ratio
501 587 564 619 ex·
581 569 772 618 duabus
780 568 1069 635 pluribusve
1087 569 1402 633 componitur,
1418 570 1553 617 datis

165 647 574 712 componentibus,
613 645 766 693 datur
797 644 1084 708 composita.
1154 643 1358 707 Nempe,
1391 644 1553 692 multi-

157 722 373 787 plicatis
419 722 617 770 invicem
663 718 1019 784 exponentibus
1059 719 1458 784 componentium,
1501 727 1555 767 ut

168 797 406 846 habeatur
428 811 675 862 exponens
697 795 997 859 compositoe.

236 872 508 936 Pmpositio
532 870 730 935 quidem
754 887 870 919 vera
893 880 983 929 est,
1007 886 1199 934 nempe,
1222 871 1309 918 ubi
1345 870 1471 918 ratio
1498 886 1560 931 gx

168 947 441 997 rationibus
465 947 790 1010 componitur,
816 946 943 994 datis
967 946 1389 1010 componentibus,
1415 946 1561 994 datur

170 1022 458 1086 composita.
527 1022 788 1085 Reliquum
810 1022 986 1070 falsum
1011 1029 1101 1070 est.
1162 1021 1260 1069 Sed
1283 1021 1365 1069 ille
1383 1021 1453 1068 nil
1476 1021 1561 1069 de-

174 1106 429 1148 monstrat.
500 1097 648 1147 Quod
671 1105 730 1145 ut
753 1098 934 1146 certius
963 1098 1103 1156 scias,
1137 1113 1249 1145 cum
1287 1096 1561 1160 dependeat

169 1190 203 1224 a
223 1173 369 1222 defin.
392 1179 438 1232 5,
456 1173 610 1221 Elem.
628 1173 677 1220 vi
696 1173 927 1233 Euclidis,
948 1172 1284 1221 definitionem
1300 1172 1435 1220 illam
1452 1188 1559 1236 per-

170 1248 339 1314 spicue
362 1247 453 1296 tibi
477 1248 749 1312 explicabo.

237 1324 471 1374 Definitio
495 1324 564 1372 ibi
586 1323 771 1372 tradita
792 1324 900 1373 haec
923 1331 1020 1372 est:
1046 1322 1182 1372 ratio
1204 1339 1267 1371 ex
1289 1321 1563 1371 rationibus

171 1399 392 1465 componi
415 1398 615 1458 dicitur,
635 1415 741 1447 cum
763 1399 1013 1447 rationum
1027 1398 1333 1464 quantitates
1356 1398 1485 1446 inter
1508 1413 1567 1446 se

173 1473 523 1540 multiplicata·
546 1473 769 1539 aliquam
792 1474 1049 1537 effecerint
1070 1474 1325 1522 rationem.

240 1550 563 1613 Exponantur
587 1549 718 1597 enim
742 1549 851 1598 duae
875 1550 1106 1608 rationes,
1128 1548 1175 1597 A
1193 1549 1257 1597 ad
1280 1548 1338 1607 B,
1364 1555 1414 1596 et
1438 1548 1478 1596 C
1501 1548 1565 1596 ad

175 1625 238 1674 D.
308 1624 454 1674 Ratio
482 1624 528 1672 A
550 1624 615 1672 ad
650 1625 690 1672 B
725 1626 986 1688 exponitur
1019 1641 1050 1673 a
1084 1624 1271 1673 duabus
1310 1624 1452 1672 lineis
1486 1624 1565 1671 vel

175 1700 407 1759 numeriS‚
433 1700 478 1748 A
501 1707 552 1749 et
576 1700 633 1748 Β.
703 1701 849 1749 Ratio
878 1701 1009 1749 enim
1043 1701 1138 1748 nisi
1163 1717 1193 1749 a
1215 1700 1402 1748 duabus
1425 1699 1565 1747 lineis

174 1776 255 1825 vel
271 1775 488 1824 numeris
505 1775 828 1824 antecedente
846 1785 898 1825 et
915 1784 1247 1840 consequente
1270 1775 1493 1839 exprimi,
1513 1774 1566 1822 id

177 1859 255 1901 est
273 1851 466 1915 exponi,
484 1867 586 1899 non
602 1858 787 1915 potest:
812 1867 904 1900 nec
929 1851 1040 1900 duae
1057 1851 1272 1900 rationes
1291 1851 1385 1899 nisi
1403 1866 1434 1898 a
1452 1866 1566 1914 qua-

179 1933 311 1976 tuor.
379 1925 696 1975 Antecedens
730 1934 783 1975 et
817 1942 1120 1990 consequens
1153 1926 1331 1990 prioris
1364 1926 1568 1974 rationis

178 2002 488 2067 appellantur
531 2002 614 2051 hic
659 2003 721 2051 ab
758 2002 978 2062 Euclide,
1025 2002 1324 2066 quantitates
1363 2001 1569 2050 rationis

178 2078 372 2144 prioriS,
396 2094 574 2143 nempe
591 2078 637 2126 A
656 2085 707 2127 et
730 2079 787 2127 B.
835 2078 1151 2130 Quantitates
1173 2085 1340 2127 autem
1362 2076 1568 2126 rationis

180 2153 426 2212 secundae,
451 2154 491 2202 C
514 2161 566 2202 et
588 2154 650 2202 D.

249 2229 328 2278 Ex
340 2229 417 2278 his
434 2236 644 2293 quatuor
662 2229 703 2278 si
721 2228 832 2278 duae
854 2228 1216 2288 antecedenteS,
1236 2228 1280 2276 A
1299 2236 1350 2276 et
1368 2227 1424 2286 C,
1441 2228 1573 2275 inter

182 2320 236 2355 se
257 2305 661 2369 multiplicentur,
684 2314 743 2354 ut
772 2305 932 2354 factus
965 2305 1031 2353 sit
1054 2305 1160 2363 AC,
1186 2304 1288 2353 sive
1310 2311 1574 2365 rectangu-

181 2380 286 2429 lum
307 2380 418 2437 AC;
442 2388 494 2428 et
512 2380 736 2429 similiter
753 2387 1106 2444 consequentes
1126 2378 1168 2427 B
1188 2387 1238 2428 et
1257 2379 1319 2437 D,
1333 2387 1392 2426 ut
1412 2378 1573 2426 factus

184 2455 251 2505 sit
281 2454 393 2511 BD;
426 2456 718 2520 pronuntiat
743 2455 971 2505 Euclides
1004 2455 1247 2504 rationem
1270 2454 1357 2502 AC
1382 2453 1448 2502 ad
1482 2452 1573 2500 BD

185 2531 415 2596 componi
447 2547 510 2579 ex
541 2531 814 2580 rationibus
836 2531 882 2579 A
905 2530 970 2579 ad
1001 2530 1042 2578 B
1066 2538 1118 2579 et
1142 2530 1182 2579 C
1203 2529 1268 2579 ad
1296 2529 1358 2578 D.
1428 2526 1575 2578 Quod

188 2612 266 2655 est
285 2606 608 2654 verissimum.

254 2680 478 2745 Exempli
507 2696 677 2730 causa:
717 2680 783 2729 sit
805 2681 851 2729 A
873 2680 1075 2744 aequalis
1097 2686 1148 2739 2,
1172 2679 1214 2728 Β
1237 2678 1439 2743 aequalis
1465 2682 1511 2735 3,
1536 2675 1576 2723 C

190 2755 392 2819 aequalis
414 2762 463 2813 4,
485 2756 531 2804 D
554 2756 754 2820 aequalis
777 2759 825 2811 7.
895 2756 1062 2806 Quare
1090 2754 1425 2818 multiplicatis
1448 2753 1578 2800 inter

192 2844 248 2878 se
262 2829 310 2879 A
325 2838 379 2879 et
394 2830 452 2890 C,
465 2830 625 2881 factus
648 2832 744 2880 erit
766 2837 812 2880 8.
862 2831 928 2879 Et
944 2831 1003 2890 C,
1023 2831 1068 2879 D
1092 2828 1427 2893 multiplicatis
1448 2830 1579 2874 inter

195 2919 264 2964 se,
286 2904 447 2954 factus
469 2906 563 2956 erit
586 2912 666 2956 21.
721 2906 868 2956 Ratio
885 2921 1004 2969 ergo
1024 2911 1055 2953 8
1073 2905 1137 2955 ad
1160 2911 1219 2953 21
1249 2901 1578 2966 componitur,

1616 588 1726 614 PRoP.
1748 588 1790 614 11.

1607 633 1799 656 κ--Υ--α
