1982 3204
462 259 519 292 ικ
551 259 844 292 ΜΕκεΕΝΝι
876 258 1263 292 BALLlSTICAM.
1472 249 1567 292 315

176 369 240 418 de
263 386 467 434 papyro,
486 371 597 418 nive
617 379 728 427 etc„
755 370 947 418 dicitur.
999 369 1224 432 Cumque
1250 369 1383 417 nulla
1406 370 1470 418 sit
1493 386 1570 418 res

179 461 286 509 quae
309 446 454 493 rebus
489 446 596 493 aliis
626 446 675 493 in
700 446 861 509 aliquo
886 461 984 492 nou
1010 444 1072 492 sit
1103 445 1289 502 similis,
1316 445 1571 493 innumera

178 521 380 568 nomina
403 536 481 568 res
505 521 747 584 quaepiam
772 521 941 568 habet:
969 519 1039 567 ita
1062 520 1191 567 enim
1217 520 1365 567 homo
1390 536 1570 577 nomen

178 595 310 644 istud
332 595 534 643 hominis
559 611 817 643 commune
842 595 991 643 habet
1010 611 1121 642 cum
1145 594 1252 642 aliis
1275 595 1569 655 hominibus,

178 670 356 719 deinde
370 671 538 734 patris,
558 671 792 734 corporis,
808 670 1028 718 animalis
1047 678 1140 718 etc.
1186 670 1387 718 Nomini
1405 656 1571 719 autem

177 745 387 810 positivo
412 746 451 793 si
483 746 774 808 particulam
810 745 1090 808 negativam
1119 744 1338 808 adjicias,
1363 746 1420 794 fit
1451 756 1572 795 nota

178 820 586 870 dissimilitudinis
622 837 709 869 seu
733 820 1050 869 diversitatis:
1088 820 1365 884 diciturque
1390 837 1570 870 nomen

177 896 442 954 infinitum,
466 906 523 944 ut
546 897 825 955 non-homO,
850 896 1149 944 non-album.

245 971 298 1020 Si
322 971 419 1020 duo
443 971 642 1019 nomina
660 971 952 1035 copulentur
968 987 1057 1035 per
1070 971 1291 1030 verbum,
1310 972 1367 1020 fit
1390 987 1570 1035 propo-

177 1046 304 1106 sitio,
325 1062 424 1111 qua
435 1047 659 1094 volumus
677 1063 995 1110 consequenS,
1012 1063 1097 1095 seu
1117 1063 1297 1095 nomen
1311 1048 1570 1111 posteriuS,

176 1122 335 1171 eidem
351 1123 422 1171 rei
437 1123 700 1170 convenire
716 1123 794 1171 cui
810 1123 1106 1171 antecedens
1124 1123 1225 1171 sive
1240 1123 1374 1187 prius
1390 1138 1571 1171 nomen

175 1198 430 1262 competit.
501 1199 569 1246 Ut
593 1215 705 1246 cum
729 1198 937 1246 dicimus
960 1199 1211 1247 hominem
1242 1214 1349 1247 esse
1372 1199 1569 1258 animal,

174 1274 508 1338 significamus
532 1290 711 1322 nomen
731 1274 954 1323 animalis
974 1283 1026 1323 et
1049 1274 1260 1322 hominis
1279 1274 1437 1322 eidem
1453 1290 1571 1322 con-
1603 1279 1606 1282 ’

172 1349 359 1405 venire,
397 1358 449 1397 et
478 1365 582 1397 rem
616 1366 726 1414 quae
760 1357 966 1398 vocatur
1000 1350 1147 1398 homo
1179 1350 1346 1398 vocari
1377 1365 1571 1414 quoque

177 1425 380 1474 animal:
404 1433 552 1489 atque
571 1425 694 1473 adeo
709 1426 1095 1489 propositionem
1110 1425 1244 1473 illam
1263 1441 1370 1473 esse
1387 1441 1571 1482 veram,

177 1517 291 1550 cum
315 1501 494 1549 veritas
530 1509 580 1549 et
614 1501 802 1549 falsitas
839 1501 969 1550 idem
1005 1517 1110 1550 esse
1145 1501 1407 1550 videantur
1437 1501 1572 1565 quod

177 1592 295 1625 vera
317 1584 368 1625 et
390 1576 513 1625 falsa
535 1577 825 1641 propositio.

246 1653 459 1701 Rursum
499 1668 560 1700 ex
598 1652 787 1701 duabus
823 1651 1240 1716 propositionibus
1276 1651 1478 1715 junctis,
1516 1651 1569 1700 in

177 1728 355 1792 quibus
383 1744 537 1776 unum
572 1744 751 1776 nomen
783 1743 1058 1785 commune,
1087 1726 1316 1790 idemque
1350 1726 1567 1774 medium

173 1805 411 1853 statuitur
434 1805 564 1853 inter
586 1821 685 1853 non
710 1805 1006 1861 communia,
1029 1803 1088 1851 fit
1117 1802 1441 1867 syllogismus,
1465 1802 1568 1850 sive

177 1880 403 1929 collectio
441 1896 642 1928 summas
677 1896 738 1928 ex
767 1880 1018 1928 ambabus.
1088 1878 1159 1927 Ut
1195 1894 1308 1927 cum
1342 1877 1566 1936 dicimus,

178 1955 316 2003 homo
356 1962 432 2004 est
468 1955 672 2013 animal,
712 1954 900 2003 animal
937 1961 1014 2002 est
1054 1969 1250 2018 corpus,
1292 1952 1567 2016 colligimus

178 2031 425 2079 bominem
449 2047 555 2079 esse
578 2046 777 2094 corpus:
803 2030 898 2078 hoc
922 2029 1204 2093 syllogismo
1228 2037 1456 2077 notamus
1479 2044 1569 2076 no-

172 2122 290 2155 men
336 2107 535 2155 tertium
583 2122 781 2171 corpus,
826 2106 1053 2154 omnibus
1098 2105 1244 2154 rebus
1289 2105 1568 2163 convenire,

178 2182 356 2246 quibus
373 2182 586 2246 primum
604 2198 783 2230 nomen
802 2181 939 2229 homo
958 2181 1217 2244 competit:
1248 2181 1569 2244 similiterque

179 2258 446 2307 secundum
493 2257 682 2306 animal
723 2257 896 2305 iisdem
944 2258 1089 2305 rebus
1134 2257 1312 2320 quibus
1356 2256 1570 2320 primum

179 2333 332 2391 homo,
356 2342 406 2382 et
441 2334 642 2382 tertium
677 2348 860 2398 corpus
893 2332 1068 2380 iisdem
1092 2332 1268 2396 quibus
1300 2331 1569 2380 secundum

179 2409 378 2457 animal.
447 2410 510 2457 Et
533 2408 773 2472 siquidem
805 2409 1119 2466 conveniunt,
1144 2407 1324 2456 dicitur
1347 2407 1570 2471 syllogis-

179 2499 289 2532 mus
312 2500 470 2542 verus,
494 2484 613 2532 alias
636 2483 1007 2548 paralogismus.

246 2559 319 2606 Ex
344 2559 538 2607 illorum
560 2569 726 2607 autem
750 2559 1004 2606 nominum
1038 2557 1340 2616 inventione,
1372 2563 1422 2605 et
1455 2572 1571 2620 pro-

179 2634 502 2697 positionibus
555 2634 861 2698 syllogismos
907 2633 1332 2697 componentibus,
1386 2631 1570 2695 pendet

182 2709 331 2756 animi
355 2724 611 2772 processus
634 2718 864 2757 constans
889 2725 949 2757 ex
972 2709 1239 2756 innumeris
1270 2704 1570 2768 imaginandi

181 2784 370 2832 actibus
393 2784 524 2832 circa
554 2800 629 2832 res
652 2784 937 2847 singulares,
963 2783 1047 2847 qui
1079 2783 1142 2831 ad
1174 2783 1353 2846 linguae
1382 2780 1569 2828 discur-
