1982 3204
411 288 473 338 70
623 300 917 334 DOCTRINAE
948 299 1306 333 WALLISIANAE
1335 299 1405 332 DE
1434 299 1589 334 MOTU

150 428 262 454 paup,
285 429 354 456 vu.
406 410 552 458 etiam
583 410 747 458 altera
773 411 811 459 C
834 410 1047 458 alteram
1070 411 1110 457 E
1134 409 1298 471 efficit,
1317 416 1366 457 et
1391 410 1546 458 tertia
1565 411 1760 460 tertiam
1779 430 1798 460 .·

163 476 347 498 *W*⁴
407 502 506 533 non
532 495 606 534 est
635 488 710 547 (nt
735 487 815 534 ille
840 488 999 550 putat)
1023 486 1370 548 propositionis
1396 486 1764 537 demonstratio.

475 562 816 626 Supponamus
858 563 987 610 enim
1031 562 1195 609 currui
1234 577 1384 625 equos
1420 563 1622 624 junctos
1659 563 1798 622 duos,

407 638 490 700 qui
513 639 650 685 illum
675 639 874 685 trahant
897 654 995 684 una
1018 638 1141 684 hora
1157 653 1305 684 unam
1330 638 1518 684 leucam
1538 645 1645 686 tota
1666 639 1731 687 vi.

476 714 815 777 Supponamus
863 714 1011 761 etiam
1053 712 1212 760 eidem
1255 714 1420 760 currui
1455 714 1654 775 junctos
1695 727 1801 763 esse

407 805 555 852 equos
580 806 663 836 sex
687 805 825 852 aeque
850 789 1013 845 fortes,
1036 803 1202 851 quaero
1227 797 1348 852 quot
1371 789 1533 836 leucas
1557 802 1656 837 una
1678 789 1801 838 hora

407 865 668 912 conficient
701 865 812 927 equi
849 864 917 911 illi
954 879 1051 910 sex.
1125 864 1321 922 Nonne,
1349 865 1493 927 juxta
1527 865 1656 912 hanc
1689 880 1799 928 pro-

404 941 715 1004 positionem,
740 941 979 987 conficere
1012 939 1194 988 debent
1228 940 1392 988 leucas
1429 940 1548 988 sex?
1618 941 1686 989 At
1708 941 1800 989 im·-

406 1017 637 1079 possibile
678 1023 765 1063 est.
841 1016 1054 1063 Tantum
1093 1017 1223 1064 enim
1265 1017 1493 1079 spatium,
1541 1033 1603 1065 ne
1649 1030 1803 1066 onere

406 1092 601 1155 quidem
621 1092 776 1148 liberi,
792 1091 1001 1139 transire
1021 1100 1242 1154 possunt.
1293 1092 1659 1142 Demonstratio
1679 1108 1800 1158 ergo

406 1167 525 1229 ejus,
551 1183 740 1230 nempe,
764 1166 812 1213 si
835 1183 989 1214 eausa
1015 1173 1069 1214 ut
1093 1167 1147 1225 C,
1173 1176 1268 1215 etc.
1294 1168 1416 1215 nihil
1440 1168 1584 1217 valet.

863 1348 1195 1382 PROPOSITIO
1227 1349 1348 1382 VIII.

474 1426 861 1493 Contrariorum,
887 1441 1125 1498 quatenus
1157 1435 1417 1483 contraria
1450 1441 1579 1494 sunt,
1606 1451 1801 1501 aggre-

399 1516 590 1572 gatum,
617 1510 899 1574 aequipollet?
923 1511 1146 1559 emcessui
1172 1511 1548 1576 proepollentis:
1584 1527 1799 1578 congru-

404 1585 582 1632 entium
606 1601 737 1642 vem,
762 1585 1021 1634 eorundem
1044 1602 1253 1635 summoe.

469 1659 612 1708 Falsa
636 1669 724 1709 est.
796 1662 926 1709 Nam
952 1662 1238 1710 A-Azoz
1274 1662 1325 1710 id
1355 1671 1443 1720 est,
1477 1670 1800 1726 aggregatum

404 1753 464 1783 ex
489 1737 761 1795 contrariis,
788 1746 1030 1800 quatenus
1066 1746 1181 1785 sunt
1205 1738 1469 1796 contraria,
1493 1739 1571 1799 (ut
1594 1739 1699 1802 ipse
1722 1736 1798 1787 in-

404 1814 742 1874 terpretatur),
767 1813 952 1877 aequale
978 1821 1054 1861 est
1077 1813 1246 1862 nihilo.
1319 1811 1455 1862 Idem
1481 1814 1667 1878 aequale
1692 1830 1798 1863 esse

404 1887 523 1935 dicit
547 1890 764 1936 excessui
788 1890 1136 1953 praepolle11tiS‚
1161 1890 1256 1938 hoc
1298 1899 1374 1938 est
1409 1889 1700 1939 differentiae
1723 1891 1799 1938 in-

404 1974 480 2010 ter
512 1965 603 2012 ÷A
627 1974 676 2012 et
691 1966 818 2013 —A.
891 1966 1039 2015 Quod
1063 1975 1138 2014 est
1160 1966 1354 2015 falsum.
1426 1967 1556 2014 Nam
1580 1983 1694 2015 cum
1717 1983 1798 2031 ag-

402 2049 660 2102 gregatum
702 2041 764 2089 sit
800 2041 937 2099 nihil,
970 2042 1116 2090 etiam
1159 2043 1436 2090 differentia
1466 2043 1597 2091 inter
1633 2042 1727 2091 ÷A
1749 2050 1800 2092 et

403 2116 513 2162 -A
552 2115 695 2164 debet
738 2134 840 2165 esse
887 2118 1024 2166 nihil.
1115 2118 1263 2168 Quod
1309 2126 1385 2167 est
1423 2118 1600 2166 falsum
1621 2137 1633 2166 ι
1683 2135 1799 2167 nam

404 2190 679 2239 differentia
718 2193 846 2240 inter
874 2194 965 2240 ÷A
990 2201 1040 2243 et
1062 2194 1175 2242 -A
1213 2201 1286 2242 est
1326 2200 1355 2242 2
1376 2194 1436 2242 A.
1508 2192 1657 2242 Quod
1691 2202 1799 2243 tum

402 2267 590 2314 ratione
611 2269 839 2326 naturali,
864 2277 971 2317 tum
995 2286 1024 2318 a
1047 2269 1424 2318 substractionis
1447 2266 1618 2332 regula
1641 2269 1799 2318 mani-

400 2342 578 2390 festum
604 2353 703 2391 est:
754 2345 1237 2408 ÷A—(-A)==2A.

468 2418 594 2465 Nam
618 2435 705 2482 per
728 2421 860 2468 illam
885 2421 1123 2485 regulam,
1148 2430 1255 2469 tum
1273 2421 1418 2483 juxta
1434 2417 1797 2484 Ougffiredum,

399 2501 505 2540 tum
541 2494 682 2557 juxta
720 2496 876 2544 Clavii
912 2506 962 2546 et
998 2497 1221 2546 Harrioti
1258 2495 1550 2562 Algebram,
1586 2504 1643 2545 ut
1684 2497 1799 2546 sub-

399 2577 583 2617 stracto
607 2572 716 2619 —A
737 2588 796 2619 ex
835 2574 924 2628 ÷A
947 2574 1186 2622 habeatur
1213 2572 1481 2631 residuum,
1506 2572 1799 2622 sumendum

398 2653 473 2693 est
510 2657 833 2710 aggregatum
873 2650 1222 2713 quantitatum,
1259 2648 1412 2712 (quod
1449 2648 1544 2696 hoc
1575 2648 1685 2697 loco
1723 2656 1801 2698 est

396 2727 425 2768 2
450 2721 538 2782 A),
559 2730 609 2768 et
633 2724 982 2786 praefigendum
1008 2727 1202 2789 signum
1231 2742 1293 2781 4.
1364 2723 1656 2772 Differentia
1679 2740 1798 2788 ergo

396 2796 490 2843 erit
525 2813 562 2851 -ι-
597 2799 689 2845 2Α.
761 2799 896 2847 Idem
945 2801 1163 2849 ostendit
1204 2800 1330 2848 ratio
1377 2799 1631 2848 naturalis.
1708 2800 1800 2848 Est

396 2871 525 2919 enim
552 2873 594 2920 A
620 2875 773 2936 major
816 2891 960 2938 quam
1000 2876 1122 2924 nihil
1148 2874 1426 2940 quantitate
1449 2875 1510 2934 A,
1549 2884 1600 2924 et
1630 2891 1798 2925 rursus
