1982 3204
719 238 1010 309 EblsTOLAE.
1459 270 1548 314 291

175 394 290 437 actu
321 388 402 436 in*
440 387 698 445 infinitum,
733 394 833 434 tam
864 386 995 450 quod
1033 385 1114 434 de-

1331 420 1347 438 Ᾰ
1414 421 1431 440 8

176 463 367 511 scendit
403 479 489 527 per
523 463 626 520 AB,
662 478 806 525 quam
835 462 966 526 quod
1001 463 1113 509 sub·
1333 449 1338 671 Ι
1396 464 1414 517 l

176 539 412 586 sternitur
436 539 484 585 in
505 538 612 585 CD.
684 538 806 591 Quae
832 539 955 585 ratio
973 537 1111 585 reddi
1461 574 1465 576 .

174 624 337 680 potest
360 632 510 679 quare
535 632 631 663 non
657 615 733 663 vel
758 615 975 678 quiescat
999 613 1048 660 in
1069 612 1109 659 B
1160 657 1175 675 ο

174 692 225 740 id
250 692 379 755 quod
404 691 469 739 ibi
506 691 744 754 impingit,
769 690 860 746 vel,
886 690 924 737 si
949 688 1109 751 frangi

174 775 350 830 potest,
388 783 537 830 quare
573 782 671 813 non
713 781 825 828 pars
857 765 1010 812 altera
1050 769 1303 810 moveatur
1333 778 1421 825 per
1458 763 1555 819 BC,

172 842 327 890 altera
349 858 438 905 per
467 842 573 889 BD:
614 842 687 888 vel
722 841 762 888 si
799 839 1102 887 descenderit
1128 838 1321 901 oblique
1344 854 1431 901 per
1454 839 1554 896 ΕΒ,

173 917 291 981 quid
325 917 542 980 impedit,
566 917 606 964 si
630 917 899 979 frangatur,
926 931 1022 979 quo
1045 914 1205 962 minus
1228 930 1340 977 pars
1365 930 1556 962 movea-

173 1000 270 1051 tur,
293 992 498 1040 fortasse
523 1008 633 1056 pars
658 993 828 1054 major,
852 1007 940 1054 per
965 991 1062 1048 BC,
1088 990 1240 1038 altera
1261 1006 1373 1053 pars
1395 991 1557 1038 minor

173 1083 263 1130 per
287 1067 407 1115 BD?
467 1068 594 1115 Nam
618 1067 749 1130 quod
773 1068 914 1114 aliter
938 1067 1042 1114 fieri
1058 1066 1293 1123 videmus,
1313 1066 1363 1113 id
1385 1082 1557 1130 prove-

170 1142 277 1190 nire
298 1150 462 1206 potest
486 1160 545 1191 ex
569 1160 627 1191 eo
646 1143 778 1207 quod
802 1159 898 1190 non
921 1142 1100 1190 dentur
1123 1158 1329 1204 corpora
1352 1143 1556 1192 infinitae

171 1218 382 1267 duritiei.

236 1294 440 1351 Octavo,
489 1295 620 1357 quod
662 1294 782 1342 dicis
823 1294 1185 1343 distinctionem
1227 1311 1371 1359 quam
1412 1295 1555 1342 attuli

169 1369 299 1417 inter
322 1369 665 1417 refractionem
685 1386 853 1417 eorum
874 1386 981 1433 quae
1000 1370 1160 1418 media
1182 1377 1450 1434 permeant,
1478 1371 1569 1431 (1113Χ

169 1445 364 1508 quando
396 1445 495 1508 pila
528 1453 749 1508 permeat
780 1461 941 1492 aerem
977 1453 1027 1493 et
1060 1448 1277 1509 aquam),
1301 1454 1352 1493 et
1386 1461 1555 1493 eorum

169 1535 277 1583 quae
294 1536 394 1568 non
412 1530 681 1583 permeant,
707 1521 768 1568 ab
794 1537 851 1568 eo
875 1536 974 1568 non
995 1522 1269 1584 approbari,
1294 1529 1555 1584 propterea

168 1594 299 1658 quod
318 1602 523 1658 utroque
542 1595 704 1654 modo,
721 1596 760 1643 si
780 1611 983 1658 corpora
999 1596 1098 1643 sint
1114 1597 1330 1659 ejusdem
1344 1596 1554 1660 generis,

170 1670 506 1733 refringuntur
528 1686 694 1718 versus
718 1670 912 1718 easdem
937 1680 1121 1733 partes:

237 1745 550 1809 Respondeo:
576 1763 654 1794 me
673 1763 772 1794 non
793 1747 911 1794 satis
929 1746 1201 1810 intelligere
1220 1763 1329 1811 quae
1348 1763 1555 1811 corpora

168 1820 251 1869 ille
273 1822 363 1869 sub
389 1821 579 1877 eodem,
598 1830 649 1869 et
672 1838 780 1885 quae
805 1822 892 1869 sub
918 1822 1108 1870 diverso
1125 1839 1304 1886 genere
1328 1823 1551 1871 collocat.

169 1896 274 1960 Ego
302 1912 418 1944 sane
451 1897 549 1945 duo
583 1913 766 1960 genera
798 1898 1164 1961 propagationis
1201 1906 1361 1946 motus
1395 1899 1553 1962 posui,

167 1987 460 2035 quamquam
485 1973 535 2019 in
561 1971 732 2019 eodem
756 1987 934 2034 genere
958 1973 1188 2036 corporis.
1240 1973 1405 2022 Potest
1424 1974 1554 2021 enim

166 2046 267 2110 pila
299 2063 477 2111 corpus
513 2047 689 2094 durum
726 2047 1062 2110 perfringere:
1098 2049 1148 2096 in
1172 2065 1268 2112 quo
1292 2065 1409 2097 casu
1441 2049 1552 2097 dico

167 2122 296 2170 viam
319 2123 431 2186 pilae
455 2122 657 2186 refringi
681 2123 812 2170 intra
836 2123 1012 2170 durum
1036 2123 1086 2171 in
1109 2133 1273 2187 partes
1296 2141 1325 2172 a
1346 2140 1555 2188 perpen-

169 2196 331 2246 diculo
366 2214 576 2246 aversas.
647 2199 813 2247 Potest
836 2199 984 2246 etiam
1009 2199 1179 2247 eadem
1203 2201 1301 2263 pila
1323 2217 1353 2248 a
1377 2201 1554 2249 duritie

168 2274 386 2336 corporis
405 2273 590 2336 repelli,
610 2274 679 2322 ita
695 2282 860 2322 tamen
878 2281 934 2322 ut
950 2283 1113 2323 motus
1130 2284 1428 2339 propagetur
1445 2292 1555 2324 suc-

168 2348 349 2396 cessive
371 2365 459 2413 per
490 2357 646 2397 totam
683 2350 902 2413 corporis
935 2351 1228 2398 crassitiem:
1266 2359 1322 2399 ut
1356 2351 1552 2415 quando

169 2438 406 2487 campana
422 2426 699 2487 percutitur
715 2425 908 2484 malleo,
927 2425 1006 2473 vel
1024 2426 1234 2489 quande,
1254 2435 1308 2474 ut
1328 2443 1420 2491 ego
1439 2443 1554 2475 cen-

170 2510 271 2556 sen,
302 2498 466 2548 lumen
503 2510 803 2564 propagatur
836 2516 924 2563 per
957 2501 1171 2548 medium
1201 2501 1369 2550 durius
1402 2518 1460 2550 eo
1493 2518 1554 2550 ex

170 2588 269 2636 quo
291 2583 514 2623 venerat:
540 2584 590 2624 et
613 2575 730 2634 dixi,
752 2576 801 2623 in
824 2576 918 2623 hoc
942 2591 1058 2624 casu
1080 2577 1186 2624 fieri
1210 2577 1554 2625 refractionem

168 2663 338 2696 versus
375 2650 793 2713 perpendiculum.
863 2650 1027 2699 Quam
1067 2651 1149 2699 ille
1192 2651 1553 2700 distinctionem

169 2738 269 2772 non
289 2724 574 2784 confutavit,
593 2741 750 2790 neque
774 2742 866 2789 ego
891 2734 1080 2774 mutare
1101 2727 1270 2785 debeo,
1285 2728 1378 2775 nisi
1402 2727 1551 2775 domi-

777 2883 799 2904 *
832 2882 908 2921 Sic.
