1982 3204
377 251 472 293 312
926 257 1211 291 PRAEFATm

376 378 604 429 tasmata,
623 386 732 434 quae
748 370 798 418 in
817 370 922 434 ipsa
941 370 1167 418 sensione
1186 385 1236 417 se
1254 368 1463 416 invicem
1489 367 1772 415 immediate

375 449 754 510 subsequuntur.

442 524 528 571 Est
551 530 715 570 autem
740 521 1014 579 discursus,
1041 521 1142 568 sive
1171 520 1578 584 imaginationum
1604 518 1770 577 series,

377 598 637 646 ordinatus
663 598 737 645 vel
763 597 1088 654 inordinatus,
1114 613 1172 644 ac
1197 597 1348 644 veluti
1370 596 1628 644 fortuitus:
1651 603 1709 642 ut
1732 594 1773 642 si

376 675 483 737 quis
507 691 537 722 a
566 674 847 737 Pythagora
881 673 944 720 ad
978 673 1156 730 fabam,
1181 689 1210 720 a
1233 672 1347 720 faba
1380 672 1443 720 ad
1477 671 1708 728 fabulam,
1743 686 1774 719 a

375 750 539 798 fabula
563 750 627 798 ad
646 750 886 813 AEsopum
913 749 1177 812 cogitando
1195 744 1490 811 vagaretur:
1517 747 1674 811 qualis
1698 743 1774 795 est

377 826 743 884 somniantium,
768 826 845 872 vel
870 825 1197 873 delirantium.
1245 825 1333 872 Ille
1358 840 1473 872 vero
1496 823 1688 887 regitur
1710 823 1772 870 ab

375 901 538 964 aliquo
579 902 694 958 fine,
719 917 863 964 quem
906 900 1084 963 aliquis
1119 900 1312 963 assequi
1348 899 1596 948 desiderat
1626 907 1678 947 et
1709 898 1774 946 ad
1801 943 1803 945 .

376 993 520 1039 quem
547 976 788 1031 tenditur3
825 976 901 1023 vel
935 992 964 1023 a
987 976 1229 1039 principio
1253 976 1486 1038 quolibet,
1510 975 1587 1022 vel
1619 975 1681 1022 ab
1714 989 1772 1022 eo

377 1052 510 1115 quod
524 1052 629 1114 ipsa
643 1051 755 1098 finis
770 1051 1056 1114 imaginatio
1072 1051 1307 1113 suggerit.
1345 1051 1480 1098 Illius
1495 1050 1774 1113 exemplum

376 1136 450 1175 est
467 1143 577 1174 cum
599 1143 701 1174 rem
718 1126 931 1189 aliquam
947 1142 1050 1189 prae
1069 1127 1285 1174 exilitate
1301 1127 1538 1174 latentem
1557 1126 1772 1189 reperire

373 1203 624 1250 volumus:
661 1218 775 1249 nam
800 1210 961 1249 totum
981 1202 1142 1249 locum
1168 1211 1363 1265 sumpto
1382 1202 1590 1249 ubilibet
1613 1202 1772 1259 initio,

375 1277 638 1324 lustramus
664 1277 834 1324 oculis.
882 1277 1250 1324 Versificatores
1275 1277 1506 1340 congruis
1524 1277 1773 1325 vocabulis

375 1369 464 1400 sua
478 1361 634 1400 metra
650 1352 851 1415 implere
869 1353 1101 1412 volentes,
1117 1353 1247 1400 idem
1265 1360 1505 1416 praestant
1527 1371 1539 1400 t
1558 1361 1613 1400 ut
1628 1368 1774 1401 canes

376 1429 620 1486 omittam,
646 1429 729 1491 qui
764 1436 958 1492 sumpto
991 1429 1210 1492 quolibet
1244 1429 1386 1476 initio
1411 1445 1638 1492 campum
1661 1444 1775 1492 per-

375 1511 634 1566 vagantur,
660 1504 792 1567 quod
815 1504 1071 1553 discursus
1107 1506 1331 1553 umbram
1355 1505 1570 1568 aliquam
1593 1505 1775 1553 habere

375 1580 588 1630 videtur.

445 1655 543 1702 Sed
562 1671 674 1702 cum
694 1654 942 1703 discursus
966 1655 1262 1719 principium
1287 1672 1317 1704 a
1338 1657 1436 1704 fine
1455 1655 1775 1704 discurrentis

376 1730 602 1789 sumitur,
623 1731 755 1794 quod
778 1732 834 1779 fit
854 1731 970 1778 dum
996 1731 1395 1794 imaginationem
1420 1732 1532 1779 finis
1553 1731 1775 1794 sequitur

375 1805 664 1869 imaginatio
689 1807 778 1854 viae
815 1807 879 1855 ad
915 1808 1079 1861 finem,
1112 1815 1308 1870 sumpto
1343 1808 1502 1855 ubivis
1530 1806 1773 1871 principio

376 1884 526 1931 series
546 1884 953 1947 imaginationum
973 1886 1291 1933 continuatur
1309 1902 1397 1948 per
1415 1886 1588 1933 seriem
1604 1901 1775 1934 causa-

375 1974 486 2005 rum
522 1968 572 2006 et
607 1961 872 2008 effectuum
895 1979 905 2008 :
943 1960 1090 2023 idque
1113 1961 1190 2008 vel
1214 1977 1244 2008 a
1268 1977 1416 2009 causa
1438 1961 1500 2009 ad
1526 1962 1773 2020 effectum,

375 2034 453 2080 vel
476 2035 537 2081 ab
563 2035 740 2082 effectu
765 2035 828 2083 ad
852 2052 1064 2083 causam.

446 2109 498 2157 Si
521 2126 778 2172 processus
810 2111 896 2159 fiat
920 2112 979 2159 ab
1005 2111 1354 2174 imaginatione
1378 2128 1535 2160 causae
1558 2112 1623 2160 ad
1656 2113 1773 2160 ima·

376 2184 680 2248 ginationem
716 2187 918 2234 effectus
953 2202 1121 2234 versus
1158 2187 1322 2243 finem,
1355 2187 1438 2250 qui
1475 2203 1667 2250 semper
1698 2195 1775 2236 est

377 2261 581 2307 effectus
605 2261 824 2320 ultimus,
851 2262 1033 2309 dicitur
1065 2272 1233 2315 σύνθεσις
1269 2279 1355 2310 seu
1389 2262 1696 2327 compositio:
1732 2263 1775 2311 si

378 2335 439 2382 ab
465 2336 644 2384 effectu
668 2337 732 2384 ad
755 2353 954 2384 causam
978 2345 1028 2385 et
1051 2338 1121 2386 ita
1146 2338 1378 2401 deinceps
1401 2353 1570 2385 versus
1593 2338 1776 2401 priora,

377 2422 558 2466 ἀνάλυσις
582 2427 669 2460 seu
693 2411 950 2462 resolutio,
1019 2415 1108 2462 Est
1127 2422 1293 2462 autem
1316 2421 1524 2477 utraque
1548 2413 1777 2462 remini-s·-

377 2487 556 2535 centia.

447 2563 583 2611 Illius
607 2563 884 2626 exemplum
920 2564 971 2611 in
1005 2564 1220 2624 homine,
1247 2564 1363 2613 dum
1399 2564 1775 2614 aedificationem

378 2638 676 2702 imaginatur
711 2639 951 2702 incipiens
975 2655 1005 2687 a
1028 2641 1236 2688 materia
1269 2640 1334 2688 ad
1363 2640 1571 2689 formam
1601 2641 1776 2689 domus

379 2712 821 2763 introducendam:
859 2723 979 2763 tunc
1014 2715 1146 2764 enim
1180 2716 1466 2780 imaginatio
1490 2716 1716 2780 procedit
1746 2732 1778 2765 a

380 2788 587 2839 materia
610 2788 674 2838 ad
692 2791 1148 2854 comportationem,
1168 2791 1283 2840 inde
1303 2791 1367 2840 ad
1382 2791 1776 2851 fundamentum,
