1982 3204
485 297 732 337 ALIQUOT
757 295 1118 331 ancum-mm
1145 295 1261 329 mre.
1464 285 1553 328 211

180 406 302 456 facit
322 407 549 472 aliquem,
573 416 623 458 et
649 425 800 457 unum
824 409 874 456 in
903 423 954 456 se
978 406 1362 471 quotiescunque
1395 407 1558 454 multi·
1620 420 1797 447 ‹tn-xn-

179 482 431 546 plicatum,
454 484 575 533 nihil
603 485 809 548 amplius
839 483 988 531 faciat
1023 497 1170 545 quam
1195 497 1368 528 unum:
1410 481 1559 529 mani·
1622 505 1810 534 mmmm

179 557 357 607 festum
381 568 454 608 est
486 560 753 624 productos
776 574 944 607 omnes
967 566 1019 606 et
1045 572 1214 605 eorum
1245 556 1434 603 radices
1451 572 1563 604 eas-

181 632 294 682 dem
317 650 422 683 esse
445 635 671 683 unitates.
739 636 987 682 Arcanum
1012 648 1130 695 ergo
1153 632 1264 690 hoc,
1285 647 1562 694 quanquam

179 709 357 758 unitati
379 711 631 774 proprium
662 710 740 768 sit,
772 709 1024 757 intellectu
1055 717 1221 756 tamen
1246 706 1439 755 difficile
1462 723 1562 754 non

181 791 284 833 est.
320 785 436 848 quia
457 801 544 849 per
567 801 719 833 unum
741 783 1070 848 multiplicari
1091 782 1214 831 nihil
1236 789 1413 846 potest.

247 859 515 918 Postremo,
539 876 604 907 an
639 858 910 923 explicari,
942 857 1177 922 cogitari,
1203 803 1560 921 compr-ehem»,

179 933 355 999 inquit,
383 942 556 1000 potest
582 952 645 983 ex
684 933 942 982 radicibus
975 933 1184 996 infinitis
1207 930 1562 996 potentialibus

179 1010 370 1058 numeri
393 1016 423 1059 3
446 1010 527 1058 vel
554 1027 651 1058 una
674 1009 847 1074 aliqua
863 1012 893 1057 ,9
961 1009 1076 1057 Νοιι
1108 1016 1288 1072 potest,
1313 1007 1429 1055 sci0.
1498 1007 1563 1054 Et

179 1100 270 1133 cur
291 1101 390 1133 non
413 1093 594 1149 potest,
616 1100 776 1148 neque
803 1084 1011 1132 aliorum
1039 1099 1354 1132 numerorum
1385 1082 1564 1130 multo-

181 1174 289 1208 rum
313 1160 431 1219 scio,
456 1169 506 1208 et
536 1160 778 1224 explicare
812 1176 1025 1223 possum,
1050 1166 1102 1208 et
1132 1159 1363 1207 breviter.
1434 1157 1564 1207 Quia

179 1235 395 1285 radicem
418 1236 601 1285 nullam
623 1235 822 1284 habent.

715 1562 854 1610 CAP.
878 1561 1019 1610 XIII.

716 1662 798 1711 De
822 1661 1024 1725 infinito.

181 1763 265 1811 An
318 1778 488 1811 vocem
548 1763 787 1826 infinitum
837 1762 1125 1811 subauditur
1168 1778 1247 1811 res
1292 1763 1468 1827 aliqua,
1509 1770 1566 1811 ut

181 1854 318 1903 opus,
350 1846 558 1902 tempuS,
590 1839 801 1902 spatium
823 1845 917 1887 etc.
987 1838 1041 1886 Si
1075 1838 1394 1886 subaudiatur
1427 1854 1564 1902 opus,

180 1920 301 1962 tunc
315 1914 558 1977 significat
576 1930 697 1977 opus
715 1913 997 1962 inchoatum
1015 1913 1227 1977 quidem,
1243 1914 1329 1962 sed
1346 1914 1564 1962 nondum

181 1987 247 2037 ad
263 2004 375 2037 eum
396 1991 546 2037 finem
569 1989 876 2052 perductum,
898 2005 1043 2053 quem
1065 1990 1228 2038 animo
1247 2005 1334 2038 suo
1357 1990 1564 2038 destina-

184 2071 263 2113 rat
285 2064 478 2113 artifex.
547 2065 718 2128 Itaque
750 2065 845 2113 hoc
876 2080 1036 2124 sensu,
1061 2065 1307 2113 infinitum
1330 2065 1459 2113 idem
1490 2072 1567 2113 est

182 2139 315 2203 quod
357 2140 697 2204 imperfectum
742 2156 835 2188 nec
879 2140 1089 2198 finitum,
1128 2140 1215 2188 sed
1260 2140 1393 2204 quod
1435 2140 1566 2188 finiri

182 2222 360 2278 potest.
424 2216 583 2265 Quale
607 2224 682 2264 est
704 2216 900 2279 incepta
922 2216 1135 2279 quidem,
1154 2216 1240 2264 sed
1262 2232 1361 2264 non
1386 2215 1565 2264 exaedi-

183 2290 329 2339 ficata
368 2290 558 2339 domus.
628 2291 681 2340 Si
718 2292 825 2355 quis
862 2291 1014 2355 igitur
1048 2291 1234 2340 diceret
1272 2291 1334 2340 de
1372 2292 1563 2355 opifice,

184 2363 333 2414 fuisse
349 2365 452 2414 illi
438 2382 490 2414 1n
504 2367 667 2415 animo
684 2383 807 2430 opus
823 2367 1058 2430 perficere
1075 2366 1336 2425 infinitum,
1355 2366 1565 2414 absurde

185 2438 487 2504 loqueretur:
510 2448 745 2506 tanquam
759 2441 801 2490 si
815 2441 1031 2490 diceret
1018 2458 1070 2490 ιιι
1087 2442 1251 2490 animo
1267 2442 1417 2490 fuisse
1433 2441 1567 2506 quod

186 2513 239 2562 in
260 2515 422 2564 animo
443 2532 544 2565 non
567 2525 687 2566 erat.
759 2517 945 2581 Cuique
964 2517 1094 2565 enim
1115 2524 1308 2566 tantum
1330 2518 1382 2565 in
1402 2519 1566 2566 animo

189 2596 264 2638 cst
283 2589 460 2651 ἠθεῖε,
477 2601 714 2655 qnantum
735 2593 984 2656 perficere.
1029 2593 1201 2656 Itaque
1224 2593 1285 2641 de
1302 2609 1448 2657 opere
1467 2609 1567 2640 non

187 2680 293 2722 suo,
313 2673 478 2714 utrum
507 2667 700 2716 finitum
737 2676 787 2716 et
822 2668 1094 2732 perfectum
1134 2684 1198 2716 an
1237 2669 1483 2716 infinitum
1515 2675 1567 2714 et

189 2739 526 2803 imperfectum
558 2742 636 2803 sit,
666 2750 800 2792 recte
827 2742 1066 2807 judicare,
1091 2743 1364 2792 inconsulto
1393 2743 1566 2807 opifice

188 2829 333 2864 nemo
354 2823 531 2879 potest.

1339 2906 1412 2939 ΡΞ
