1982 3204
583 304 697 339 Lux
724 302 1150 357 MArnssMA'nca.
1480 293 1564 339 141

178 414 329 463 tabile
352 414 551 478 quidem
588 425 687 474 est3
722 414 809 463 sed
839 414 1028 479 quoties
1064 415 1371 478 supponitur,
1396 415 1575 464 dicitur
1593 431 1860 459 con-ruovn-

178 498 399 539 tantum:
435 491 505 539 ita
537 499 595 539 ut
630 491 753 539 nihil
788 490 902 538 inde
931 490 1159 538 affirmati
1195 489 1370 538 deduci
1403 491 1574 554 possit,
1627 487 1711 544 ,ω
1732 485 1819 543 '⁵¹¹2

178 580 339 630 neque
363 567 424 614 ab
448 582 507 614 eo
530 566 783 630 supposito
808 566 1067 629 quicquam
1093 565 1352 613 confutari.
1415 566 1573 624 A'dde,

180 642 314 705 quod
332 642 460 690 linea
483 642 587 689 sine
604 640 863 689 latitudine
881 656 943 688 ne
962 640 1077 688 duci
1099 640 1299 704 quidem
1318 641 1497 704 possit:
1523 650 1574 689 et

178 717 389 781 proinde
412 717 507 765 illis
530 717 613 780 qui
645 716 759 764 inde
782 715 965 779 aliquid
990 715 1328 764 demonstrare
1353 716 1574 778 cupiunt,

180 791 285 840 sine
314 791 665 855 diagrammate
703 790 1137 838 demonstrandum
1169 798 1259 839 est.
1326 790 1575 840 Wallisius

180 868 348 931 igitur,
367 868 408 915 si
431 866 787 930 longitudinem
812 866 1161 914 semidiametri
1181 882 1270 930 pro
1289 866 1441 914 latere
1460 861 1575 929 quu-

180 942 310 992 drati
333 942 540 1006 sumpsit
564 958 699 990 more
724 957 828 999 suo,
852 942 975 989 nihil
999 942 1118 1006 agit.
1189 941 1276 990 Sin
1299 941 1441 989 lateri
1466 941 1574 989 lati-

181 1018 402 1067 tudinem
426 1018 683 1076 concedat,
708 1025 757 1066 et
785 1033 872 1081 per
906 1033 1209 1080 consequens
1239 1017 1387 1065 etiam
1411 1017 1575 1080 diago-

181 1093 309 1143 nali:
345 1093 707 1142 conclusionem
737 1093 975 1140 Hobbesii
998 1093 1245 1140 infirmare
1269 1108 1371 1140 non
1396 1101 1574 1155 potest.

247 1168 533 1227 Ostendam,
569 1168 800 1227 secundo,
826 1168 956 1232 quod
1001 1176 1212 1232 quatuor
1236 1168 1416 1231 quintae
1451 1168 1578 1215 radii

180 1260 280 1294 non
304 1252 380 1293 est
402 1246 559 1308 major
582 1244 788 1292 duarum
822 1244 1093 1292 mediarum
1131 1245 1262 1292 inter
1297 1242 1489 1291 radium
1527 1251 1578 1291 et

180 1320 510 1370 semiradium.

262 1396 533 1460 Repetatur
567 1397 671 1460 jam
716 1396 876 1459 figura
920 1395 1282 1443 Controversia?
1325 1394 1469 1458 hujus
1509 1394 1577 1442 xii

180 1471 356 1536 prima,
380 1472 431 1520 in
455 1488 553 1536 qua
576 1472 726 1520 ducta
749 1488 838 1535 per
862 1472 900 1520 d
919 1479 1055 1520 recta
1071 1471 1305 1535 parallela
1328 1470 1427 1527 BC,
1444 1478 1579 1518 secat

182 1548 495 1612 diagonalem
534 1549 622 1596 BD
656 1549 708 1596 in
739 1563 784 1606 r,
811 1556 862 1596 et
886 1548 972 1596 DC
995 1547 1047 1595 in
1072 1553 1109 1595 t.
1177 1547 1267 1595 Est
1307 1554 1472 1594 autem
1511 1545 1579 1593 Dt

182 1634 395 1687 quatuor
432 1624 616 1687 quintae
652 1623 1001 1672 semidiametri
1041 1623 1148 1681 DC,
1186 1622 1305 1681 sive,
1342 1630 1399 1669 ut
1430 1621 1578 1684 vulgo

181 1707 377 1759 vocant,
395 1700 562 1748 lateris
586 1700 699 1748 cubi
718 1716 748 1748 a
772 1699 878 1747 DC.

250 1775 499 1824 Quoniam
522 1775 652 1823 enim
672 1775 776 1833 AB,
793 1775 894 1822 sive
909 1773 1016 1832 DC,
1036 1781 1111 1821 est
1133 1771 1196 1820 ad
1211 1772 1296 1832 Dt,
1320 1772 1422 1820 sive
1441 1778 1507 1828 tr,
1519 1779 1579 1820 ut

186 1855 217 1899 5
240 1850 305 1898 ad
328 1857 375 1909 4,
409 1850 460 1899 id
484 1859 557 1898 est
587 1858 646 1898 ut
676 1856 733 1899 10
757 1849 820 1898 ad
845 1854 892 1906 8,
917 1858 968 1896 et
998 1847 1289 1912 quadratum
1323 1863 1353 1895 a
1384 1847 1472 1895 DC
1504 1856 1580 1895 est

188 1931 312 1975 10οε
347 1926 441 1974 erit
465 1925 759 1989 quadratum
782 1941 812 1973 a
834 1924 903 1972 Dt
932 1930 1013 1983 64,
1033 1932 1085 1971 et
1107 1924 1261 1971 cubus
1283 1939 1314 1971 a
1335 1922 1424 1971 DC
1454 1928 1579 1972 1000

184 2017 393 2066 quorum
417 2002 572 2050 cubus
596 2017 626 2049 a
650 2001 720 2049 Dt
750 2008 826 2049 est
857 2006 969 2049 512.
1042 1999 1139 2048 Sed
1171 1999 1327 2047 cubus
1350 2014 1381 2047 a
1403 1997 1482 2046 Dk
1504 2005 1580 2046 aet

181 2092 296 2141 pars
314 2085 488 2126 octava
511 2076 624 2125 cubi
648 2092 678 2124 a
700 2076 803 2136 DC,
823 2091 1000 2140 nempe
1030 2080 1139 2124 125.
1190 2075 1279 2123 Est
1296 2082 1461 2123 autem
1481 2079 1577 2122 512

182 2154 342 2217 majus
378 2152 581 2200 dimidio
616 2152 729 2200 cubi
752 2168 782 2199 a
818 2151 924 2210 DC,
962 2158 1202 2215 quantum
1232 2158 1307 2199 est
1335 2156 1428 2199 12:
1464 2149 1580 2214 quia

190 2233 318 2277 1000
341 2227 546 2292 duplum
577 2235 653 2275 est
688 2232 801 2276 500.
872 2226 1123 2283 Similiter,
1147 2226 1301 2274 cubus
1334 2241 1364 2273 a
1387 2225 1458 2272 Dt
1487 2240 1577 2288 pro

182 2301 388 2352 dimidio
411 2303 559 2351 debet
581 2303 763 2351 habere
787 2307 902 2361 256,
926 2302 1059 2365 quod
1082 2302 1240 2365 majus
1264 2309 1341 2349 est
1374 2299 1578 2348 dimidio

183 2379 301 2428 cubi
322 2395 352 2428 a
380 2379 541 2427 media
575 2379 775 2442 majore,
798 2393 975 2441 nempe
1009 2382 1124 2435 250,
1149 2384 1391 2440 quantum,
1422 2383 1495 2423 est
1528 2381 1576 2422 6.

184 2453 252 2502 Et
273 2452 485 2518 denique
513 2454 667 2502 cubus
690 2453 774 2517 qui
805 2452 870 2500 ad
894 2452 981 2500 DC
1011 2459 1062 2500 et
1084 2451 1169 2510 Dt,
1194 2452 1297 2499 sive
1319 2450 1384 2499 ad
1408 2456 1503 2499 512
1529 2458 1580 2497 et

186 2534 304 2587 256,
312 2538 389 2577 oet
405 2530 582 2578 tertius
599 2527 994 2592 proportionalis,
1014 2542 1190 2590 nempe
1214 2526 1489 2588 128,major
1506 2533 1581 2573 est

189 2603 316 2652 cubo
339 2620 371 2652 a
393 2604 596 2653 dimidia
618 2603 998 2662 semidiametro,
1014 2618 1194 2666 nempe
1213 2607 1323 2660 125,
1343 2608 1580 2665 quantum

189 2686 265 2727 est
288 2684 336 2727 3.

256 2753 373 2802 Non
401 2761 477 2803 est
511 2770 631 2819 ergo
654 2762 792 2803 recta
827 2754 911 2812 Dt,
936 2752 1037 2801 sive
1075 2758 1142 2811 tr,
1178 2752 1336 2815 major
1371 2749 1580 2798 duarum

188 2827 464 2877 mediarum
496 2829 628 2879 inter
667 2838 825 2878 totam
859 2828 949 2878 DC
979 2835 1030 2876 et
1059 2828 1164 2891 ejus
1198 2825 1450 2875 dimidiam
1486 2824 1578 2882 Dk,

191 2904 279 2954 sed
310 2904 395 2953 illa
424 2905 580 2968 major
611 2913 850 2969 quantum
889 2912 966 2953 est
1002 2902 1272 2952 duodecem
1311 2900 1579 2950 millesimae
