1982 3204
495 302 738 343 AmQuoT
764 300 1124 336 ononis-rium
1151 300 1268 334 κτα.
1478 290 1573 333 213

187 414 402 473 finitum,
427 416 476 463 in
513 430 571 463 eo
608 414 849 469 consistit,
890 412 1020 476 quod
1052 427 1210 474 neque
1247 425 1423 472 corpus
1462 410 1574 457 sub·
1620 427 1709 453 cn.
1730 426 1818 452 xm.

188 490 375 553 jectum
400 500 475 538 est
507 491 556 538 in
595 490 861 552 cogitante,
899 503 1057 551 neque
1094 486 1319 549 spatium,
1358 484 1575 547 corporis
1634 514 1678 543 D„
1693 514 1814 542 infinita

195 565 372 629 imago,
409 566 457 613 in
495 581 548 612 re
580 566 808 627 cogitata,
833 563 919 611 sed
952 560 1292 611 tantummodo
1316 560 1366 607 in
1396 575 1576 606 memo-

194 641 283 688 ria.
352 641 592 689 Memoria
626 649 790 688 autem
830 648 880 686 et
914 653 1058 686 seusu
1082 636 1327 685 infinitum
1351 650 1455 682 esse
1479 650 1577 682 non

194 725 374 779 potest.
1495 750 1520 771 ι,

261 789 512 853 Jrfinitum
527 797 691 837 autem
705 805 735 836 a
748 787 1104 836 mathematicis
1119 785 1383 849 saepissime
1401 783 1580 830 dicitur

195 881 285 930 pro
308 865 576 927 indiffinito,
645 863 960 911 Indefinitum
995 870 1156 909 autem
1190 868 1262 908 est
1295 859 1425 907 idem
1450 858 1579 921 quod

195 939 508 1006 quantumvis
531 955 774 1002 magnum.
844 939 906 986 Et
929 936 1190 1000 aliquando
1219 951 1308 999 pro
1334 934 1582 996 indefinite

188 1030 368 1080 parvo,
383 1013 529 1062 modo
548 1029 647 1060 non
661 1014 724 1061 sit
738 1013 873 1060 nihil.
921 1012 1086 1060 Dividi
1104 1011 1233 1059 enim
1252 1011 1302 1058 in
1320 1010 1582 1066 infinitum,

196 1090 248 1139 id
285 1097 360 1140 est
396 1089 447 1137 in
483 1089 653 1147 nihila,
691 1089 939 1152 quantitas
976 1087 1110 1135 nulla
1140 1094 1320 1150 potest.
1389 1084 1583 1132 Dicitur

197 1164 345 1214 etiam
367 1164 614 1212 infinitum
638 1163 902 1226 aliquando
925 1178 1014 1226 pro
1049 1168 1286 1227 quantum
1316 1166 1391 1208 est
1415 1159 1583 1224 possi-

197 1239 310 1288 bile.
357 1239 609 1302 Irfinitum
626 1247 790 1286 autem
813 1237 1008 1301 proprie
1025 1237 1211 1284 dictum
1235 1235 1356 1283 nihil
1382 1245 1472 1290 est,
1491 1234 1583 1281 nisi

197 1322 398 1379 superet
437 1329 774 1362 mensurarum
811 1313 1039 1361 datarum
1085 1327 1343 1359 numerum
1388 1325 1584 1357 omnem

196 1389 558 1453 assignabilem.
629 1388 727 1437 Sed
766 1388 1156 1436 demonstratum
1201 1402 1322 1445 esse,
1360 1385 1515 1444 aiunt,
1555 1392 1586 1433 a

196 1464 716 1523 Torricellio,solidum
729 1463 975 1528 quoddam
990 1471 1183 1511 acutum
1201 1460 1584 1525 hyperbolicum,

200 1541 350 1589 etiam
371 1540 467 1588 hoc
498 1556 644 1588 sensu
675 1539 870 1602 infiniti,
896 1539 1083 1601 aequale
1108 1553 1213 1585 esse
1238 1536 1458 1600 cylindro
1483 1537 1584 1583 cui-

199 1617 328 1675 dam,
344 1616 482 1678 cujus
495 1616 691 1679 quidem
709 1615 838 1663 basis
852 1615 1031 1662 habeat
1044 1614 1337 1660 diametrum
1350 1611 1587 1675 aequalem

200 1690 413 1739 dimidiae
436 1691 540 1739 basi
564 1690 861 1753 hyperbolae,
880 1688 1191 1736 altitudinem
1210 1703 1327 1735 vero
1350 1686 1587 1750 aequalem

199 1765 417 1830 ejusdem
440 1765 722 1829 hyperbolae
744 1764 824 1812 axi
849 1773 1143 1812 transverso.
1202 1761 1587 1809 Demonstratio-

199 1857 314 1891 nem
345 1841 490 1904 hujus
517 1840 833 1904 problematis
858 1839 1035 1903 saepius
1058 1847 1109 1886 et
1131 1845 1319 1886 attente
1342 1837 1587 1899 legeram:

202 1933 358 1981 neque
381 1916 639 1980 quicquam
663 1916 827 1964 inveni
849 1914 1177 1978 paralogismi.
1227 1913 1399 1961 Inveni
1422 1919 1588 1959 tamen

202 1992 484 2040 distantiam
524 2007 670 2054 quam
706 1989 1016 2039 Torricellius
1059 1989 1291 2053 supponit
1332 1987 1587 2050 infinitam,

202 2068 409 2132 intelligi
427 2068 487 2116 de
505 2068 739 2116 distantia
756 2066 1017 2128 indefinita
1031 2084 1043 2114 :
1057 2081 1149 2115 nec
1166 2065 1385 2128 potuisse
1402 2064 1463 2111 ab
1483 2063 1589 2126 ipso

202 2143 345 2192 aliter
365 2143 589 2206 intelligi,
614 2142 697 2205 qui
724 2142 964 2205 principio
990 2141 1148 2189 utitur
1170 2139 1504 2188 Cavalleriano
1528 2138 1589 2185 de

204 2217 588 2267 indivisibilibus
621 2217 670 2265 in
700 2216 842 2265 valde
874 2216 1037 2264 multis
1067 2214 1587 2264 demonstrationibus:

206 2375 526 2431 aggregatum
562 2367 748 2431 aequale
788 2367 945 2431 possit
989 2382 1096 2414 esse
1142 2366 1414 2429 cuicunque
1461 2364 1590 2412 datae

206 2442 531 2506 magnitudini
545 2442 745 2508 aequale.
793 2443 962 2506 Itaque
981 2442 1248 2506 propositio
1264 2450 1365 2489 tam
1380 2439 1593 2488 absurda

210 2533 355 2582 quam
376 2518 483 2566 haee
507 2527 598 2576 est,
622 2517 860 2581 infinitum
875 2518 1031 2580 finito
1062 2533 1173 2564 esse
1195 2516 1405 2581 aequale,
1427 2515 1591 2563 Torri—

211 2591 351 2640 eellio
373 2593 549 2641 ascribi
573 2609 670 2641 non
695 2593 856 2641 debet.
925 2591 1145 2641 Solidum
1173 2593 1303 2639 enim
1330 2599 1433 2639 tam
1466 2590 1590 2638 exile

212 2666 399 2715 nullum
421 2682 524 2715 ωδε
546 2675 724 2731 potest,
742 2667 874 2732 quod
896 2667 1085 2715 infinite
1103 2683 1203 2714 non
1224 2665 1429 2714 excedat
1447 2681 1591 2713 omne

213 2740 420 2790 solidum
437 2742 650 2791 finitum:
675 2751 730 2792 ut
743 2743 1055 2791 manifestum
1074 2750 1149 2790 est
1166 2742 1346 2790 lumine
1363 2740 1589 2789 naturali.

216 2816 505 2866 Absurditas
526 2818 610 2866 illa
630 2819 1047 2868 arithmeticorum
1071 2826 1144 2866 est
1167 2817 1512 2881 disputantium
1531 2814 1592 2862 de
