1982 3204
0 2146 8 2220 vva-‘2-
0 2056 10 2129 ss-fww
0 2018 3 2020 v
0 1997 7 2001 =
0 1916 14 1981 fun-y

494 274 741 314 Αιιαυοτ
768 272 1129 309 Gssomz‘rch
1158 274 1275 309 Ere.
1477 268 1575 311 205

721 471 859 520 CAP.
890 470 1007 519 XII.

701 588 784 637 De
807 587 1074 652 fallaciis.

194 689 478 739 Romi-um
522 689 794 748 verborum,
830 689 881 737 id
912 698 988 737 est
1020 688 1258 737 sermonis
1290 688 1364 736 sui
1401 689 1581 737 intelli-

190 774 407 830 gentem,
430 764 738 828 eundemque
775 781 806 812 a
840 764 1093 828 principiis
1117 764 1260 822 veris,
1284 764 1582 812 definitioni-

190 841 284 889 bus
302 840 413 889 dico
431 839 750 897 naturalibus,
769 840 1111 903 probationem
1135 855 1272 888 suam
1291 832 1583 899 ordienteff„

190 916 421 980 lenteque
455 914 853 980 progredientem
891 915 942 963 in
979 916 1184 963 materia
1219 915 1583 974 mathematica,

190 998 251 1040 ut
272 990 357 1039 diu
379 999 467 1039 aut
496 1006 624 1054 saepe
661 990 952 1054 decipiatur,
978 998 1129 1054 atque
1168 990 1240 1038 ita
1274 998 1332 1039 ut
1365 991 1585 1039 monitus

191 1065 245 1114 in
267 1081 433 1114 errore
456 1081 544 1113 suo
568 1073 863 1129 perseveret,
890 1065 1190 1129 impossibile
1212 1065 1316 1113 fere
1340 1073 1429 1114 est.

260 1141 437 1190 Nullus
459 1141 510 1189 in
533 1141 803 1199 intellectu,
820 1141 1017 1205 proprie
1039 1141 1304 1204 loquendo,
1322 1157 1460 1190 error
1480 1157 1586 1189 esse

191 1223 373 1281 potest.
442 1217 569 1264 Nam
601 1216 857 1265 intellectu
885 1233 1051 1265 errare
1077 1217 1208 1265 idem
1231 1223 1306 1265 est
1329 1216 1462 1281 quod
1484 1232 1587 1265 non

193 1291 483 1356 intelligere.
533 1292 737 1356 Lingua,
756 1292 978 1356 pedibus,
995 1293 1316 1356 manibusque
1339 1300 1474 1341 recte
1497 1292 1587 1348 uti,

194 1382 296 1416 non
319 1382 351 1415 a
371 1366 606 1430 magistro
631 1366 1009 1425 demonstratur,
1046 1367 1134 1415 sed
1173 1367 1448 1416 exercendo
1489 1367 1587 1415 dis-

195 1443 367 1492 cimus.
435 1443 499 1491 Et
520 1458 799 1506 quanquam
823 1444 974 1491 verba
995 1451 1168 1490 nostra
1184 1443 1288 1491 fere
1310 1444 1476 1491 omnia
1496 1459 1588 1507 pro

195 1518 436 1567 varietate
458 1534 622 1567 rerum
646 1518 707 1566 de
731 1519 906 1582 quibus
938 1519 1195 1567 scribimus
1218 1527 1305 1567 aut
1327 1519 1589 1582 loquimur,

197 1594 607 1659 significationem
643 1602 851 1652 mutent,
876 1594 970 1642 illis
1006 1602 1172 1642 tamen
1204 1594 1353 1653 domi,
1377 1595 1428 1642 in
1454 1610 1589 1658 agro,

197 1670 251 1718 in
268 1669 375 1718 foro
399 1669 584 1717 utimur
606 1669 710 1717 sine
729 1669 937 1717 damno:
962 1669 1076 1733 quia
1093 1668 1156 1717 ad
1174 1669 1459 1718 societatem
1475 1670 1589 1718 civi-

197 1745 294 1794 lem
318 1745 668 1809 unusquisque,
692 1745 732 1793 si
767 1744 975 1793 alterum
1007 1752 1141 1793 recte
1177 1744 1434 1810 intelligat,
1470 1745 1590 1794 satis

198 1821 363 1870 habet.

266 1895 427 1944 Aliter
447 1895 504 1943 fit
526 1895 577 1943 in
599 1895 926 1959 philosophia,
949 1895 1034 1944 ubi
1056 1895 1179 1943 nihil
1214 1895 1446 1960 quaeritur
1467 1912 1592 1960 prae-

195 1979 281 2021 ter
300 1971 592 2020 veritatem:
627 1971 874 2035 praecipue
897 1987 1029 2030 vero,
1065 1971 1108 2018 si
1143 1971 1478 2020 inventionem
1519 1987 1594 2020 se-

197 2056 383 2113 quatur
402 2047 573 2111 gloria.
620 2046 770 2095 Aliud
787 2055 862 2095 est
885 2047 1150 2105 ambulare,
1168 2046 1301 2095 aliud
1325 2047 1376 2095 in
1399 2046 1595 2095 sublimi

202 2138 351 2187 super
370 2130 626 2171 extensum
658 2122 825 2170 funem
861 2122 1126 2170 ambulare.
1195 2122 1420 2171 Alterum
1462 2122 1595 2170 enim

201 2198 347 2248 facile
370 2206 460 2256 est,
485 2205 535 2246 et
558 2197 663 2245 sine
694 2198 874 2246 damno
910 2198 1103 2246 etiamsi
1124 2198 1366 2246 titubetur
1381 2216 1395 2245 ε
1431 2197 1596 2261 itaque

204 2273 519 2338 negligentiae
534 2274 688 2322 veniae
710 2273 847 2321 locus
865 2282 956 2321 est.
1007 2272 1314 2321 Funambulo
1335 2289 1436 2321 non
1459 2273 1594 2320 item.

204 2348 399 2397 Veritas
423 2363 571 2411 super
602 2348 735 2396 filum
767 2348 986 2396 ambulat
1022 2348 1362 2397 tenuissimum
1385 2349 1489 2396 sine
1512 2347 1597 2395 illa

204 2423 302 2473 fori
338 2423 599 2472 latitudine
629 2424 993 2488 metaphorica:
1028 2425 1301 2488 praesertim
1325 2424 1597 2472 mathema-

206 2499 323 2558 tica,
330 2515 440 2564 quae
458 2499 551 2547 nisi
566 2498 904 2548 definitionum
920 2507 972 2547 et
985 2499 1283 2548 axiomatum
1298 2499 1598 2564 ponderibus

210 2589 500 2637 quacunque
533 2582 788 2623 moveatur
822 2575 996 2623 librata
1034 2575 1113 2634 sit,
1138 2591 1250 2623 cum
1273 2574 1600 2639 spectantium

211 2648 313 2696 risu
334 2649 688 2713 praecipitatur.

286 2722 607 2772 Fallaciarum
651 2740 771 2788 ergo
817 2725 868 2773 in
913 2725 1272 2774 mathematicis
1316 2724 1600 2788 principalis

213 2813 366 2847 causa
396 2806 447 2847 et
481 2797 876 2863 frequentissima
914 2808 1007 2859 est,
1049 2800 1182 2864 quod
1211 2799 1601 2849 ratiocinationis

198 2872 408 2923 -initium
431 2882 626 2925 sumant
647 2890 680 2925 a
700 2874 1065 2926 definitionibus
1087 2892 1189 2925 non
1216 2875 1491 2933 intellectiS‚
1514 2882 1600 2923 aut

1648 694 1738 720 CAP.
1753 693 1826 719 xu.

1635 741 1825 761 *q*

1639 780 1683 808 De
1696 778 1828 808 tall-cii».
