1982 3204
429 268 519 312 142
848 278 961 312 Lux
988 275 1411 311 MATHEMATICA.

139 407 404 435 cowrnovmz-
421 396 586 452 partes
629 388 742 437 cubi
777 405 806 437 a
841 397 948 437 tota
984 389 1089 447 DC,
1127 389 1227 437 sive
1253 395 1467 452 quantus
1499 393 1573 435 est
1608 386 1762 435 cubus
1785 402 1816 434 a

193 462 257 488 SIA
277 462 350 489 XII.

174 508 366 531 s——q——ae

422 465 611 513 duabus
648 465 924 514 centesimis
958 466 1111 529 ipsius
1135 465 1243 513 DC.
1312 464 1443 512 Nam
1467 462 1762 526 quadratum
1784 479 1815 511 a

421 541 610 589 duabus
647 542 925 590 centesimis
961 551 1111 589 rectae
1148 541 1484 603 cujuscunque
1515 538 1702 602 aequale
1739 546 1816 586 est

421 624 632 681 quatuor
655 617 932 665 centesimis
966 616 1194 679 quadrati
1224 615 1408 663 totius:
1446 620 1496 662 et
1519 612 1815 676 quadratum

423 691 694 755 diagonalis
727 692 831 754 ejus
864 698 1028 754 potest
1063 696 1110 749 8,
1144 706 1353 754 quorum
1390 689 1498 737 duae
1535 687 1816 736 centesimae

419 768 616 831 potest*
641 773 690 815 4.
748 768 919 831 Itaque
937 783 1084 830 super
1108 766 1402 829 quadratum
1427 765 1488 812 ab
1513 764 1607 812 illis
1627 763 1816 811 duabus

421 843 699 891 centesimis
723 843 764 891 si
789 850 1099 891 construatur
1123 843 1290 899 cubus,
1315 840 1628 889 manifestum
1651 846 1741 898 est,
1756 854 1818 886 ex

420 919 596 966 ELEM.
621 918 721 966 xiii.
742 935 883 982 prop.
914 924 989 974 13,
1014 917 1147 981 quod
1170 918 1283 965 cubi
1307 917 1447 965 istius
1472 916 1711 963 diameter
1733 930 1816 977 po·

422 1002 522 1042 test
547 1001 620 1052 12,
641 1010 850 1056 quorum
874 993 983 1041 duae
1003 993 1282 1041 centesimae
1305 992 1447 1051 radii,
1467 999 1524 1039 ut
1541 1007 1641 1039 una
1663 997 1815 1048 recta,

423 1076 585 1134 potest
621 1076 668 1118 4.
738 1068 1192 1117 Demonstravimus
1229 1083 1347 1131 ergo
1372 1074 1583 1131 quatuor
1621 1066 1817 1129 quintas

425 1145 775 1193 semidiametri
810 1145 1017 1192 duarum
1053 1143 1326 1191 mediarum
1367 1143 1496 1190 inter
1535 1141 1728 1190 radium
1765 1149 1818 1188 et

425 1221 741 1269 semiradium
764 1222 946 1284 majore
978 1221 1135 1283 majus
1159 1235 1280 1278 esse,
1306 1227 1355 1267 et
1379 1226 1564 1281 quanto
1586 1236 1598 1264 :
1636 1233 1817 1280 suppo-

423 1304 599 1344 nentes
622 1296 814 1344 radium
840 1296 1047 1343 divisum
1066 1295 1117 1342 in
1136 1301 1300 1357 partes
1325 1293 1538 1356 aequales
1563 1292 1748 1340 decem.

491 1372 821 1435 Supponatur,
838 1387 1020 1428 rursus,
1040 1370 1458 1418 semidiametrum
1482 1367 1686 1416 divisam
1710 1383 1816 1416 esse

424 1447 821 1511 quinquifariam.
894 1446 1204 1494 Quadratum
1235 1461 1353 1508 ergo
1384 1460 1415 1492 a
1439 1443 1577 1491 radio
1606 1443 1701 1491 erit
1735 1450 1816 1502 25,

421 1523 473 1571 id
498 1531 587 1582 est,
614 1523 854 1587 quadrata
885 1527 948 1570 25
981 1522 1033 1569 in
1065 1522 1289 1585 quintam
1323 1526 1516 1584 partem
1553 1519 1627 1567 sui
1664 1518 1817 1583 ipsius

422 1599 602 1648 ducta:
639 1606 689 1647 et
712 1600 866 1647 cubus
900 1598 962 1646 ab
996 1598 1101 1662 ipso
1134 1597 1273 1645 radio
1299 1602 1389 1645 125
1416 1595 1530 1644 cubi
1554 1595 1616 1643 ab
1642 1594 1817 1643 eadem

424 1675 595 1739 quinta
628 1683 786 1738 parte.
858 1675 1019 1738 Hujus
1056 1673 1269 1721 semissis
1300 1680 1375 1720 est
1398 1673 1523 1724 623:
1558 1671 1702 1734 hujus
1726 1671 1818 1718 ite-

423 1767 534 1799 rum
562 1751 773 1799 semissis
806 1751 923 1804 315:
960 1757 1011 1798 et
1041 1750 1186 1813 hujus
1227 1748 1436 1811 denique
1473 1746 1685 1795 semissis
1717 1749 1816 1804 1523,

426 1827 509 1890 qui
532 1843 764 1875 numerus
789 1836 862 1874 est
885 1842 999 1890 pars
1034 1833 1208 1874 octava
1234 1825 1385 1873 totius
1409 1822 1523 1871 cubi
1552 1828 1660 1870 125.
1729 1822 1818 1871 Est

424 1918 542 1966 ergo
573 1903 702 1951 ratio
740 1902 853 1950 cubi
885 1918 915 1949 a
936 1901 1075 1950 radio
1101 1901 1164 1949 ad
1187 1908 1379 1965 partem
1403 1899 1478 1947 sui
1502 1904 1742 1955 octavam,
1766 1896 1819 1944 id

424 1986 514 2037 est,
551 1978 614 2026 ad
652 1978 831 2027 cubum
866 1994 896 2026 a
930 1977 1207 2035 semiradio,
1250 1977 1302 2024 in
1338 1974 1586 2038 triplicata
1624 1972 1818 2021 ratione

425 2059 454 2100 5
480 2053 544 2101 ad
567 2060 616 2101 4.
686 2054 784 2102 Sed
807 2054 932 2101 ratio
955 2053 1056 2111 DZ,
1083 2053 1183 2101 sive
1207 2052 1291 2110 Ze,
1323 2050 1386 2100 ad
1410 2050 1497 2108 De,
1523 2050 1624 2097 sive
1646 2065 1719 2112 eq,
1744 2054 1818 2096 est

421 2135 478 2176 ut
504 2135 531 2176 5
557 2129 620 2177 ad
643 2135 700 2177 4:
736 2129 851 2192 quia
874 2129 963 2187 De,
989 2128 1091 2187 DL,
1127 2128 1208 2192 Dq
1233 2134 1348 2175 sunt
1382 2126 1434 2173 in
1471 2124 1706 2173 continua
1738 2139 1817 2172 ra-

422 2204 558 2253 tione
585 2211 612 2253 5
629 2205 690 2253 ad
707 2211 754 2264 4,
774 2205 1041 2253 confitente
1050 2203 1287 2252 Wallisio.
1336 2201 1483 2250 Ratio
1508 2216 1626 2264 ergo
1648 2198 1817 2247 lateris

421 2280 578 2328 totius
602 2281 715 2329 cubi
740 2297 770 2329 a
793 2296 881 2329 suo
906 2280 1074 2338 latere,
1107 2278 1355 2342 triplicata
1390 2283 1466 2325 est
1500 2275 1706 2324 rationis
1729 2273 1817 2322 DC

424 2354 488 2403 ad
512 2355 613 2404 DZ.
683 2356 850 2405 Quare
888 2356 982 2404 erit
1012 2363 1068 2404 ut
1104 2355 1188 2403 DZ
1211 2353 1276 2402 ad
1298 2353 1386 2412 De,
1410 2353 1481 2401 ita
1510 2359 1618 2400 tum
1642 2350 1729 2399 DC
1752 2348 1817 2398 ad

420 2430 523 2491 DZ,
554 2439 660 2479 tum
693 2432 768 2480 De
803 2431 866 2480 ad
897 2431 992 2491 ch,
1028 2438 1085 2480 ut
1121 2428 1476 2479 demonstravit
1515 2426 1814 2476 HobbesiuS.

422 2505 498 2554 Ex
539 2522 597 2554 eo
638 2507 790 2571 igitur
829 2507 962 2572 quod
997 2507 1126 2555 latus
1171 2504 1397 2570 quadrati
1437 2502 1671 2552 statuitur
1711 2517 1816 2551 esse

422 2581 560 2640 nihil,
585 2581 634 2631 id
659 2590 733 2631 est
764 2583 868 2632 sine
899 2582 1188 2631 latitudine:
1223 2596 1325 2629 non
1361 2578 1507 2627 modo
1544 2577 1818 2627 destruitur

421 2657 602 2705 veritas
640 2666 839 2721 recepta
877 2658 938 2706 de
974 2657 1166 2706 ratione
1204 2656 1334 2704 inter
1365 2670 1416 2702 se
1449 2654 1703 2710 cuborum,
1726 2653 1815 2703 sed

423 2732 572 2781 etiam
609 2735 928 2783 confirmatur
964 2749 1104 2798 prop.
1132 2745 1331 2781 Rosn'rl
1356 2729 1455 2788 xix,
1490 2744 1638 2792 quam
1660 2728 1816 2778 voluit

944 2901 964 2924 *
989 2899 1054 2938 Sic
1073 2899 1164 2939 edit.
1192 2898 1303 2939 1672.
