1982 3204
405 243 499 286 284
955 256 1249 290 EPISTOLAE’.

143 367 364 441 ssgffifjjffld
404 367 624 429 corporis
642 366 937 416 incurrentis
962 369 1192 432 impulsui
1217 369 1425 417 cedunt?
1497 370 1642 419 Quod
1667 372 1707 419 si
1731 372 1796 420 sit

154 435 344 481 *7-—2
402 458 588 501 verum,
618 445 750 502 (nam
785 446 1019 508 supposui
1050 453 1245 492 tantum
1269 445 1548 508 hujusmodi
1571 455 1795 495 motuum

402 517 454 564 in
490 519 740 581 spiritibus
772 520 1107 568 diversitatem
1139 529 1195 568 ut
1230 537 1334 568 rem
1369 522 1691 584 possibilem),
1722 538 1795 571 se·

402 603 581 656 quetur
605 595 735 643 idem
759 612 937 658 corpus
962 605 1125 655 tenue,
1146 597 1246 644 sive
1270 598 1526 645 materiam
1551 598 1794 656 subtilem,

400 684 597 717 causam
631 671 736 718 fore
772 680 822 719 et
855 672 1077 719 mollitiei
1106 680 1155 719 et
1190 671 1405 730 duritiei,
1430 682 1578 736 prout
1602 673 1795 723 diversa

399 744 659 793 velocitate
684 754 733 794 et
758 746 949 794 diverso
974 746 1121 794 modo
1147 748 1436 795 movebitur.
1487 748 1652 796 Prima
1674 764 1793 812 ergo

399 835 547 868 causa
569 831 772 885 propter
795 838 940 885 quam
976 831 1125 885 negat
1156 823 1361 870 eandem
1387 839 1491 871 esse
1515 839 1616 871 rem
1651 823 1793 886 spiri·

399 905 505 942 tum
530 904 578 944 et
600 898 856 944 materiam
880 897 1122 956 subtilem,
1149 898 1366 946 ostendit
1389 898 1553 962 potius
1567 899 1792 947 volunta-

398 980 499 1019 tem
517 989 663 1035 quam
687 974 926 1021 rationem
951 973 1284 1021 dissentiendi.
1357 974 1504 1023 Quod
1527 974 1703 1022 attinet
1727 974 1791 1023 ad

397 1048 659 1095 secundam
702 1065 900 1096 causam
941 1048 1274 1107 dissentiendi,
1316 1065 1491 1112 nempe
1531 1049 1664 1113 quod
1696 1067 1791 1098 non

395 1123 523 1171 vidit
546 1140 645 1187 qua
669 1123 863 1171 ratione
881 1132 1000 1171 etc.:
1028 1124 1138 1171 dico
1158 1140 1266 1171 eam
1290 1139 1391 1172 non
1416 1140 1521 1172 esse
1546 1125 1791 1173 sufficien-

395 1207 495 1246 tem
521 1215 717 1246 causam
737 1215 886 1262 quare
906 1199 1201 1257 dissentiret,
1223 1200 1308 1247 sed
1334 1215 1484 1263 quare
1509 1200 1791 1263 diligentius

394 1275 743 1323 consideraret.
813 1275 986 1338 Neque
1005 1275 1136 1322 enim
1161 1291 1253 1338 ego
1276 1275 1375 1322 dixi
1401 1275 1661 1324 durescere
1685 1292 1790 1324 cor-

392 1365 515 1412 pora
538 1367 625 1413 per
643 1351 919 1413 ingressum
938 1350 1214 1413 spirituum,
1234 1367 1394 1414 neque
1415 1351 1680 1399 molescere
1703 1367 1794 1416 per

392 1426 579 1473 exitum
605 1426 895 1474 eorundem:
931 1426 1016 1474 sed
1041 1427 1239 1490 spiritus
1261 1427 1463 1474 subtiles
1489 1434 1538 1474 et
1561 1427 1790 1491 liquidos,

391 1502 703 1550 vehementia
741 1510 902 1550 motus
936 1502 1026 1562 sui,
1064 1518 1205 1565 posse
1242 1503 1542 1550 constituere
1580 1519 1791 1567 corpora

392 1578 529 1636 dura,
571 1587 628 1626 ut
667 1578 994 1637 adamantem,
1033 1586 1084 1625 et
1125 1578 1395 1626 lenitudine
1435 1579 1531 1626 alia
1577 1595 1785 1642 corpora

391 1654 571 1712 mollia,
596 1664 650 1702 ut
669 1671 845 1718 aquam
865 1654 943 1702 vel
967 1670 1146 1702 aerem.
1184 1655 1486 1718 Hypothesis
1509 1665 1672 1703 autem
1699 1655 1784 1704 illa

387 1730 712 1777 vehementiae
729 1740 889 1778 motus
905 1730 1165 1792 spirituum
1181 1730 1232 1777 in
1249 1746 1346 1778 uno
1362 1747 1567 1794 corpore
1583 1731 1781 1795 majoris

389 1821 535 1867 quam
561 1805 612 1852 in
647 1806 758 1863 alio,
785 1805 846 1853 ad
872 1805 1159 1853 salvandum
1182 1806 1541 1868 phaenomenon
1565 1806 1780 1865 duritiei,

384 1880 509 1928 mihi
534 1881 730 1943 quidem
753 1897 852 1928 non
875 1881 1071 1928 videtur
1102 1881 1305 1929 inferior
1340 1882 1423 1930 illa
1447 1882 1631 1930 domini
1660 1883 1781 1932 Des-

387 1965 564 2014 cartes‚
612 1957 696 2020 qui
747 1958 889 2020 ponit
943 1965 1223 2005 atomorum
1274 1973 1472 2005 suarum
1525 1957 1683 2007 nodos
1727 1968 1780 2008 et

384 2031 742 2094 implicationes
788 2032 1039 2096 quasdam,
1086 2034 1261 2096 quibus
1306 2041 1470 2096 partes
1516 2050 1778 2097 corporum

385 2105 619 2154 durorum
643 2107 856 2156 debeant
880 2108 1139 2156 cohaerere.
1210 2108 1261 2156 Si
1282 2108 1390 2171 quis
1408 2108 1537 2156 enim
1563 2109 1774 2158 interro-

383 2190 526 2245 garet
543 2183 695 2242 illum,
706 2184 879 2246 quibus
890 2183 1094 2230 vinculis
1110 2192 1159 2230 et
1174 2183 1350 2247 quibus
1365 2183 1507 2231 nodis
1522 2184 1777 2247 particulae

385 2257 578 2306 illarum
596 2259 810 2322 partium
829 2259 1137 2316 crassiorum,
1154 2274 1275 2321 quas
1299 2259 1351 2306 in
1370 2258 1503 2306 duris
1527 2261 1774 2323 supponit,

382 2333 515 2382 inter
537 2350 588 2382 se
612 2334 910 2390 cohaereant,
935 2334 1082 2382 credo
1106 2334 1337 2381 haereret:
1374 2350 1532 2398 neque
1551 2351 1602 2382 se
1626 2337 1775 2386 sciret

381 2409 482 2457 ullo
507 2409 652 2457 modo
677 2409 850 2457 melius
875 2409 1131 2466 extricare,
1156 2425 1301 2472 quam
1326 2410 1647 2473 supponendo
1673 2428 1775 2460 mo-

380 2493 488 2532 tum
525 2485 738 2548 aliquem
774 2485 991 2532 materiae
1024 2484 1212 2532 subtilis
1247 2485 1298 2531 in
1327 2484 1422 2532 illis
1446 2485 1563 2549 ipsis
1594 2487 1773 2536 atomis

381 2579 501 2626 quas
524 2562 663 2626 ponit
686 2579 775 2626 pro
807 2562 1037 2610 minimis.

447 2639 582 2687 Dicis
605 2638 768 2696 tertio,
788 2637 919 2701 quod
943 2637 1025 2685 ubi
1045 2637 1250 2685 dixerim
1274 2638 1411 2686 illum
1436 2639 1613 2688 clarius
1636 2641 1771 2690 locu-

377 2723 544 2762 turum
563 2714 727 2771 fuisse,
742 2714 782 2762 si
807 2729 895 2777 pro
914 2713 1319 2761 determinatione
1335 2716 1576 2778 posuisset
1594 2723 1770 2765 motum

379 2790 768 2847 determinatum,
793 2806 904 2838 eum
929 2789 1048 2837 mihi
1073 2805 1171 2837 non
1195 2791 1436 2848 assentiri,
1459 2791 1545 2839 sed
1569 2807 1768 2855 respon·

379 2867 494 2915 dere
517 2867 592 2915 his
615 2867 798 2915 verbis:
837 2870 865 2891 “
887 2867 977 2914 etsi
1004 2866 1131 2913 enim
1158 2866 1254 2915 dici
1280 2867 1433 2929 possit
1458 2867 1768 2916 velocitatem
