1982 3204
365 271 462 315 402
933 284 1199 318 ms'romA

423 389 558 434 Gesta
577 391 716 448 priora
735 391 840 435 meri
860 399 981 450 gesta
1001 393 1120 437 fuere
1140 394 1333 437 hominis.

366 455 568 500 Humano
589 458 723 514 majus
738 459 810 515 jus
829 460 1030 515 postulat,
1052 467 1181 515 atque
1202 460 1336 506 videri

421 526 553 569 Posse
574 524 732 580 aliquid
754 525 866 568 solus
888 526 1002 580 quod
1023 526 1143 568 Deus
1163 526 1252 582 ipse
1273 532 1425 582 potest.

366 592 418 634 In
440 607 653 634 summum
675 591 894 634 commissa
915 591 1058 634 Deum
1078 598 1251 647 peccata
1271 592 1453 635 remittit

421 658 627 707 Maxima,
649 658 790 700 neseio
812 673 896 713 quo
910 659 1008 713 jure
1030 658 1302 700 Tribunitio:

364 724 572 780 Quamvis
592 724 637 766 in
659 724 811 767 Sedem
832 739 991 767 sacram
1012 724 1234 767 commissa
1252 724 1415 767 remitti

421 791 515 833 Aut
534 806 662 841 nune,
684 797 760 833 aut
778 797 876 847 post
896 790 987 833 haee
1008 791 1160 841 secula,
1182 806 1303 847 posse
1323 797 1463 848 negat.
1620 812 1625 819 ·
1642 795 1753 836 1990

363 858 428 900 At
447 864 621 914 peccata
639 857 751 900 idem
774 857 910 913 pretio
931 857 1021 900 sine
1042 858 1159 899 nulla
1179 858 1385 900 remittit:

421 922 506 967 Sed
525 923 620 966 vult
638 922 802 966 divinas
822 923 1003 966 vendere
1024 930 1161 966 sector
1180 938 1291 979 opes.

360 988 428 1032 Ut
448 1004 620 1045 promus
640 989 799 1031 condus
815 988 949 1031 divini
969 988 1107 1031 factus
1127 989 1293 1040 amoris,

416 1055 651 1098 Distribuit
670 1055 797 1097 variis
817 1055 906 1098 fata
925 1055 1072 1097 futura
1090 1055 1205 1098 locis.

358 1120 546 1178 Egregie
565 1121 738 1163 meritos
759 1121 811 1164 de
835 1120 963 1164 Sacra
986 1120 1094 1165 Sede
1114 1122 1280 1165 locabat

419 1187 473 1229 In
494 1203 658 1230 summo
679 1187 772 1230 coeli
793 1187 977 1230 culmine
997 1187 1201 1230 stelliferi.

357 1254 527 1297 Deinde
548 1254 699 1296 Patres
719 1261 896 1303 veteres,
917 1260 968 1296 ut
987 1253 1034 1295 Ν
1036 1269 1128 1304 oen,
1149 1261 1285 1309 utque
1306 1253 1612 1304 Abrahamum,

415 1320 640 1371 Davidem,
663 1320 829 1371 Mosen,
851 1319 1051 1363 inferiore
1070 1320 1173 1363 loeo.

357 1387 466 1430 Post
485 1387 574 1438 hos,
595 1386 780 1429 infantes
799 1386 990 1429 nondum
1008 1387 1262 1443 baptismate
1281 1386 1404 1438 lotos,

414 1454 627 1510 Expertes
647 1467 782 1509 poenae
802 1452 955 1495 tertius
975 1453 1088 1495 orbis
1108 1452 1248 1496 habet.
1633 1456 1749 1495 2000

356 1519 584 1576 Perpetuis
605 1525 783 1574 quartus
803 1519 1013 1562 consumit
1035 1519 1211 1562 crimina
1229 1519 1427 1570 nummis,

413 1586 475 1628 Et
494 1586 575 1628 nisi
597 1601 693 1641 quae
714 1601 800 1628 non
820 1592 920 1628 sunt
939 1585 1039 1642 igne
1058 1585 1249 1636 levanda,
1270 1585 1396 1628 levat.

356 1652 562 1703 Ultimus,
584 1651 798 1695 horribilis
818 1651 1087 1708 serpentibus
1107 1658 1238 1707 atque
1256 1651 1457 1703 tenebris,

412 1718 494 1761 Est
509 1719 634 1761 datus
654 1717 862 1760 haeretieis
884 1717 1231 1773 daemonibusque
1251 1717 1380 1760 locus.

356 1784 441 1841 Spe
461 1799 636 1826 summae
660 1783 781 1828 Sedis
795 1799 926 1827 vanos
947 1783 1160 1827 mulcebat
1178 1783 1346 1835 amicos,

415 1851 569 1906 Atque
589 1851 730 1893 hostes
750 1849 836 1893 imo
856 1849 1010 1893 terruit
1029 1851 1130 1893 orbe
1149 1850 1276 1893 leves.

340 1917 539 1968 Profuit,
561 1923 605 1960 et
624 1916 795 1974 prodest
816 1931 931 1959 nuno
951 1915 1232 1973 Purgatorius
1252 1915 1364 1973 ignis

410 1982 612 2026 Pontifici
632 1981 830 2032 multum,
853 1981 1138 2037 sacrificisque
1158 1981 1256 2024 suis.

353 2050 438 2092 Sec.
474 2048 558 2093 Sed
579 2048 780 2091 Patribus
801 2063 932 2103 quare
952 2047 1089 2091 visum
1111 2054 1177 2090 est
1195 2047 1424 2104 puerisque
1443 2045 1615 2091 seorsim

411 2115 643 2171 Assignare
664 2115 820 2158 orbes?
880 2114 953 2156 Nil
973 2114 1092 2157 venit
1112 2114 1210 2157 inde
1231 2113 1346 2157 boni.
1628 2115 1743 2156 2010

350 2181 430 2222 Pr.
464 2180 568 2223 Non
588 2196 751 2223 summo
772 2180 847 2223 hos
868 2179 1020 2223 Patres
1041 2180 1145 2223 coelo
1164 2195 1355 2236 posuere,
1376 2178 1491 2235 quod
1509 2177 1573 2221 illi

408 2246 476 2290 De
497 2247 617 2303 Papa
636 2246 787 2289 Romae
807 2245 870 2288 nil
889 2261 1081 2288 meruere
1101 2245 1213 2288 boni.

349 2312 396 2355 N
398 2329 453 2356 on
472 2313 558 2356 imo
578 2313 779 2368 foedoque
798 2312 891 2356 loeo
911 2327 1102 2369 posuere,
1124 2312 1239 2368 quod
1257 2311 1321 2355 illi

406 2378 475 2422 De
495 2378 615 2436 Papa
634 2379 784 2422 Romae
805 2378 867 2420 nil
886 2393 1077 2423 meruere
1096 2378 1208 2421 mali.

347 2444 543 2489 Infantes
562 2445 693 2488 limbo
712 2450 866 2488 neutro
885 2459 1076 2501 posuere,
1099 2443 1214 2499 quod
1233 2442 1297 2485 illi

404 2511 484 2554 Nil
503 2517 680 2568 potuere
699 2510 813 2561 boni,
830 2510 893 2552 nil
911 2517 1088 2567 potuere
1107 2509 1219 2552 mali.

349 2576 432 2621 Sed
453 2578 708 2633 simulatque
728 2576 889 2619 animas
908 2576 1130 2619 decrerunt
1149 2590 1239 2619 esse
1259 2575 1479 2628 animatas,

401 2643 652 2687 Debebatur
669 2643 730 2687 eis
749 2650 891 2686 certus
910 2642 955 2684 in
976 2643 1077 2685 orbe
1096 2642 1225 2686 loeus.

342 2709 543 2754 Necdum
563 2710 761 2753 credebat
780 2724 902 2766 reges
923 2709 1025 2752 satis
1045 2724 1135 2752 esse
1156 2710 1366 2760 subactos,

401 2776 487 2820 Sed
506 2791 615 2820 nova
634 2783 773 2819 castra
791 2782 925 2832 parat,
945 2775 1228 2831 militiamque
1248 2790 1413 2819 novam.
1620 2775 1734 2818 2020

343 2842 544 2886 Infundit
563 2858 713 2900 regum
733 2842 858 2886 terris
878 2841 1075 2885 examina
1093 2842 1314 2893 Fratrum,

397 2910 620 2954 Mendicos
641 2925 790 2961 sacros,
813 2925 920 2966 quos
939 2909 1072 2953 aleret
1091 2909 1283 2966 populus.

1967 2628 1982 2978 AhQ-m——m-ss.
1975 2596 1982 2619 ,μ
1980 2563 1982 2565 .
1980 2515 1982 2518 Α
1980 2468 1982 2475 ,
