1982 3204
961 245 1156 279 INDEX.

314 355 410 377 omne
438 345 479 377 ad
505 344 638 387 aliquod
661 348 842 378 nominatum
857 346 1048 379 relationem

314 388 421 421 habet.
437 388 458 420 i.
476 393 513 421 16
522 388 637 421 2—etsi
648 389 849 422 nominatum
862 401 927 422 non
939 402 991 423 res
1007 391 1049 422 sit

315 432 460 464 existens
489 432 524 463 in
552 442 663 463 rerum
689 439 813 471 natura,
837 433 914 466 licet
942 440 1049 466 tamen

315 475 472 507 doctrinae
489 486 586 507 eausa
600 486 659 518 pro
674 476 839 509 nominato
849 488 918 509 rem
933 477 1049 509 dicere.

317 517 397 550 ibid.

317 561 451 593 nomina
469 563 598 602 positiva
613 566 647 594 et
661 565 806 603 negativa.
823 563 846 594 i.
867 567 914 596 16.
931 563 976 595 iii.
991 567 1050 595 29:

317 606 497 645 -neyativa
522 605 606 637 fiunt
630 605 802 647 quomodo.
825 606 845 638 i.
867 605 1051 648 lez-posi-

318 647 386 680 tiva
400 647 561 690 negativis
571 648 690 691 priora,
702 659 811 690 quare.
824 649 907 682 ibid:
916 660 1051 691 —nega-

318 691 395 723 tivis
410 691 489 733 quid
506 690 735 733 significamus.
752 692 829 725 ibid.

319 734 452 766 nomina
470 737 711 766 contradictoria.
727 735 748 767 i.
769 739 804 769 17
820 735 1053 768 2-contradic—

320 777 489 817 toriorum‚
505 778 644 810 alterum
669 779 845 822 cujuslibet
868 779 916 810 rei
935 789 1053 810 nomen

319 826 380 853 est.
392 820 472 853 ibid.

319 874 438 896 nomen
450 876 605 896 commune.
614 864 636 896 i.
645 868 656 896 1
665 867 693 898 7.
705 864 751 897 iii.
762 869 802 896 24
810 865 945 897 z-idem
955 876 1055 907 quare

321 912 455 939 vocatur
480 910 653 940 universale.
681 908 760 940 ibid.
786 908 863 940 ibid.
873 909 1054 940 t--univer-

322 950 398 989 sale,
422 950 559 992 alicujus
583 962 711 993 semper
726 951 813 983 vocis
831 951 899 983 sive
915 951 1055 983 nominis

323 1004 443 1025 nomen
469 1000 528 1026 est.
544 994 566 1026 i.
594 998 700 1027 17-18.
715 994 761 1026 iii.
778 998 1056 1037 242—conceptus

322 1037 358 1068 in
371 1036 480 1068 animo
495 1039 708 1069 universalibus
721 1037 966 1086 respondentes,
980 1043 1056 1069 sunt

323 1080 537 1121 singularium
560 1091 670 1112 rerum
692 1080 862 1126 imagines.
876 1081 897 1112 i.
917 1081 1056 1113 18:—ad

323 1122 389 1154 vim
405 1123 597 1155 universalis
609 1123 866 1165 intelligendam,
877 1135 943 1166 qua
957 1124 1056 1156 facul-

324 1172 390 1198 tate
403 1177 485 1209 opus
500 1172 558 1198 est.
574 1166 653 1198 ibid.

325 1209 457 1241 nomina
476 1212 570 1250 maqt's
593 1215 626 1241 et
647 1211 744 1241 minus
758 1209 952 1242 communia.
968 1209 990 1243 i.
1010 1213 1058 1242 18.

324 1263 443 1284 nomen
468 1255 561 1293 mayis
586 1258 735 1295 respectu
756 1255 853 1284 minas
867 1253 1059 1291 communis,

324 1301 374 1328 est
380 1307 480 1336 yenus.
490 1295 568 1328 ibid.
578 1296 693 1329 :-—hoc
700 1295 789 1327 illius
803 1299 909 1336 species
918 1301 1059 1328 vocatur.

324 1339 402 1371 ibid.
414 1339 599 1371 z—nomina
616 1351 708 1379 yenus
725 1344 759 1371 et
772 1341 878 1380 species
893 1350 958 1371 non
972 1345 1060 1371 recte

325 1388 493 1424 ponuntur
507 1393 567 1424 pro
581 1382 687 1414 rebus.
702 1381 723 1414 i.
740 1386 788 1415 19.

328 1425 461 1457 nomina
471 1428 575 1466 primoe
590 1431 618 1457 et
630 1427 763 1456 secundoe
777 1427 954 1458 intentionis.
970 1425 992 1459 i.
1012 1429 1058 1458 18.

328 1479 473 1511 ——quare
487 1468 535 1501 ita
549 1468 637 1500 dicta
651 1474 736 1501 sunt.
751 1468 832 1502 ibid.

328 1522 447 1544 nomen
462 1514 634 1550 universale,
655 1514 851 1553 particulare,
866 1513 1060 1549 individuum,

329 1557 525 1596 indefinitum.
555 1555 577 1587 i.
605 1555 940 1594 192—determinatae‚
968 1555 1060 1587 inde-

332 1598 528 1637 terminatae,
542 1604 575 1630 et
597 1598 778 1631 indefinitae
801 1598 1060 1640 significationis.

329 1641 409 1674 ibid.
418 1652 590 1674 z—nomen
611 1642 835 1674 determinatae
850 1641 1060 1684 significatio-

329 1684 382 1716 nis
406 1685 494 1727 quod
518 1685 617 1717 habet
640 1685 804 1728 adjectum
830 1695 949 1717 nomen
970 1697 1061 1724 mnne,

331 1735 466 1761 vocatur
491 1730 664 1767 universale,
693 1738 803 1770 quare.
834 1727 913 1760 ibid.
922 1728 1060 1761 z—idem

329 1776 381 1804 est
405 1771 654 1814 significationis
673 1777 781 1810 certae,
796 1782 906 1814 quare.
921 1771 1000 1804 ibid.
1009 1785 1062 1804 :—

330 1825 450 1846 nomen
459 1814 655 1857 particulare
665 1820 698 1847 et
713 1825 833 1846 nomen
843 1814 1061 1854 indefinitum,

329 1857 464 1890 incertae
479 1863 557 1890 sunt
571 1857 829 1900 significationis,
845 1868 954 1900 quare.
965 1857 1061 1891 ibid.:

330 1912 434 1944 —pro
445 1900 717 1943 aequivalentibus
730 1901 859 1933 censeri
871 1900 1001 1934 debent.
1016 1900 1061 1934 ib.

331 1954 451 1976 nomen
479 1946 635 1975 univocum
663 1949 697 1976 et
724 1946 910 1985 «equivocum.
926 1944 947 1975 i.
962 1948 1063 1977 20:—

331 1986 499 2019 distinctio
513 1987 571 2019 illa
585 1997 650 2019 non
660 1992 710 2019 est
723 1986 869 2030 ipsorum
879 1987 1063 2027 verborum,

332 2030 390 2062 sed
405 2030 446 2062 iis
458 2030 630 2062 utentium.
646 2030 726 2063 ibid.

331 2076 495 2105 absolutum
507 2078 541 2106 et
555 2075 718 2106 relativum.
730 2073 751 2106 i.
768 2077 819 2106 20.

332 2119 455 2158 simplex
469 2122 503 2149 et
530 2119 727 2158 compositum.
742 2116 764 2149 i.
780 2121 818 2148 21
829 2127 947 2149 :—non
963 2127 1063 2149 unum

332 2171 451 2192 nomen
476 2165 526 2192 est
551 2159 639 2202 quod
663 2171 729 2192 una
751 2165 879 2192 constat
903 2171 991 2199 voce,
1007 2160 1064 2193 sed

332 2203 420 2245 quod
444 2202 541 2235 simul
565 2208 731 2245 sumptum
756 2213 877 2235 nomen
902 2203 945 2235 sit
967 2203 1064 2236 unius

331 2246 391 2278 rei.
407 2246 428 2278 i.
445 2250 496 2278 21.
513 2245 558 2279 iii.
577 2250 618 2278 24
626 2252 716 2278 :—ut
730 2245 765 2277 in
780 2246 889 2278 animo
911 2246 986 2278 idea
1000 2258 1064 2279 una

331 2289 425 2321 alteri
441 2290 638 2331 supervenit,
654 2295 688 2321 et
703 2289 779 2321 huic
793 2289 865 2327 alia,
878 2289 924 2321 sic
939 2290 1063 2322 nomini

332 2332 388 2364 uni
404 2332 492 2364 aliud
507 2338 606 2374 atque
620 2332 710 2364 aliud
725 2332 963 2375 superadditur,
979 2338 1013 2366 et
1027 2333 1065 2365 fit

329 2386 371 2407 ex
387 2375 538 2407 omnibus
552 2386 651 2407 unum
668 2386 795 2409 nomen.
811 2375 832 2407 i.
847 2379 898 2408 22.

332 2418 464 2450 nomina
479 2418 587 2450 minus
598 2418 783 2450 communia
797 2418 902 2460 magis
917 2429 1061 2451 commu-

331 2461 428 2493 nibus
445 2461 741 2493 subordinaverunt
764 2462 939 2504 scriptores
956 2462 1062 2504 logici.

330 2504 352 2537 i.
368 2504 636 2537 22:-n0minum
665 2504 796 2536 ordines
821 2505 985 2547 appellare
1011 2516 1063 2537 so-

329 2547 399 2579 lent
420 2550 656 2589 praedicamenta
679 2553 713 2579 et
737 2550 909 2589 cateqoriaa.
925 2547 1002 2581 ibid.
1011 2562 1063 2582 :-

329 2591 526 2623 ordinantur
551 2590 685 2622 nomina
704 2601 770 2622 non
794 2590 891 2623 modo
914 2591 1062 2633 positiva,

330 2634 388 2666 sed
425 2634 524 2666 etiam
559 2633 719 2675 negativa.
750 2633 830 2666 ibid.
847 2634 1062 2667 z-ordinatio

329 2683 421 2710 certa
435 2683 469 2710 et
483 2687 560 2709 vera
576 2677 639 2708 nisi
655 2687 674 2709 a
688 2676 896 2720 philosophia
920 2677 1064 2720 perfecta

329 2720 470 2753 stabiliri
482 2731 548 2753 non
565 2726 683 2763 potest.
699 2719 720 2752 i.
737 2724 788 2752 25.

328 2774 346 2795 e
362 2763 567 2796 connexione
578 2763 746 2795 nominum
759 2762 910 2795 oriuntur
924 2763 1061 2797 diversae

327 2806 514 2839 orationum
531 2806 664 2849 species.
681 2806 703 2839 i.
719 2806 877 2839 262--ubi
893 2807 1060 2840 nominum

327 2850 424 2882 seriei
450 2850 541 2882 nulla
564 2850 599 2882 in
623 2849 732 2882 animo
756 2850 932 2892 respondet
961 2851 1061 2883 series

325 2900 552 2936 conceptuum,
576 2893 680 2925 omtio
705 2892 838 2925 omnino
862 2893 1002 2927 absurda
1027 2901 1061 2927 et

325 2936 550 2980 insignificans
565 2942 624 2970 est.
640 2936 719 2969 ibid.

1118 347 1197 390 quid
1241 346 1423 390 appellatur
1457 346 1692 389 propositionis
1729 357 1849 379 nomen

1119 391 1223 434 priuS,
1239 397 1272 422 et
1293 401 1410 422 nomen
1426 391 1590 432 posterius
1606 390 1694 433 quid.
1708 389 1730 422 i.
1746 394 1848 423 26:—

1120 434 1200 476 quid
1211 433 1356 465 excitant
1371 433 1406 464 in
1422 433 1531 465 animo
1547 434 1679 466 nomina
1693 433 1759 466 duo
1771 443 1849 476 pro·

1120 477 1304 519 positionis.
1319 476 1339 507 i.
1363 480 1415 509 28.

1122 520 1291 552 nominum
1321 530 1427 551 causae
1457 524 1651 561 quaeruntur
1681 518 1717 551 in
1741 519 1851 559 rebus,

1121 563 1292 605 quomodo.
1308 562 1329 594 i.
1346 567 1525 595 281-—suut
1548 563 1671 595 eaedem
1687 573 1760 605 quae
1776 573 1852 594 nos-

1120 613 1245 638 trorum
1274 611 1498 648 conceptuum.
1514 605 1536 638 i.
1561 609 1601 638 29
1611 606 1852 649 2—p1erumque

1123 655 1278 681 vocantur
1293 649 1481 681 accidentia.
1496 648 1575 681 ibid.

1122 692 1290 724 distinctio
1312 692 1347 724 in
1373 698 1508 723 concreta
1522 697 1556 724 et
1580 694 1742 731 abstracta,
1765 691 1853 724 unde

1123 735 1276 768 nascitur.
1292 735 1313 767 i.
1330 735 1604 774 282—abstracta‚
1620 746 1693 778 quae
1708 735 1775 768 dici
1799 746 1853 768 so-

1123 779 1199 810 lent.
1216 779 1237 811 i.
1253 783 1293 811 29
1303 784 1384 811 z-et
1400 778 1479 821 quid
1494 778 1661 810 denotant.
1675 778 1754 811 ibid.

1123 821 1291 853 nominum
1302 822 1537 854 absa-aetorum
1552 832 1631 854 usus
1645 827 1679 854 et
1692 822 1820 854 abusus.
1831 821 1854 854 i.

1123 869 1163 897 29
1173 865 1313 897 :—inter
1338 865 1501 897 abstracta
1529 870 1563 897 et
1590 871 1751 904 concreta,
1774 864 1856 908 quid

1123 908 1268 940 interest.
1284 907 1362 940 ibid.

1124 951 1187 983 nisi
1200 962 1319 983 nomen
1334 951 1382 983 rei
1397 951 1438 983 de
1452 962 1517 994 qua
1532 951 1691 994 quaeritur
1701 951 1793 994 prius
1802 951 1856 984 in-

1125 994 1301 1035 telligatur,
1318 994 1400 1026 nihil
1413 995 1544 1037 probari
1559 1000 1676 1038 potest.
1690 994 1712 1028 i.
1724 999 1776 1028 33.

1124 1037 1257 1069 nomina
1268 1048 1334 1069 non
1346 1049 1365 1069 a
1378 1049 1489 1070 rerum
1505 1038 1683 1080 speciebus,
1693 1038 1751 1070 sed
1766 1049 1786 1070 a
1799 1048 1858 1071 vo·

1124 1081 1249 1113 luntate
1264 1081 1432 1113 hominum
1452 1081 1629 1113 constituta
1643 1087 1729 1114 sunt.
1744 1081 1766 1114 i.
1782 1085 1834 1114 50.

1125 1123 1367 1156 incohaerentiae
1382 1124 1550 1156 nominum
1572 1131 1697 1167 septem
1711 1124 1802 1157 modi
1820 1124 1858 1157 in

1127 1167 1245 1209 quibus
1259 1167 1439 1210 propositio
1454 1178 1583 1210 semper
1597 1167 1678 1200 falsa
1692 1174 1751 1200 est.
1766 1167 1787 1200 i.
1798 1172 1855 1200 51:

1126 1210 1302 1242 —nomina
1315 1217 1438 1253 septem
1450 1211 1556 1243 modis
1564 1211 1714 1254 copulata
1725 1221 1791 1243 non
1800 1222 1855 1243 co-

1128 1253 1263 1292 haerent,
1293 1258 1327 1286 et
1362 1254 1566 1286 constituunt
1601 1253 1858 1297 propositionem

1128 1296 1251 1328 falsam.
1267 1296 1288 1328 i.
1309 1301 1397 1329 51-2.

1127 1349 1237 1371 rerum
1246 1339 1484 1372 nominatarum
1495 1350 1617 1382 genera
1624 1346 1772 1383 quatuor.
1782 1340 1859 1374 i.51.

1128 1383 1326 1415 abstractum
1363 1394 1436 1415 cum
1473 1389 1627 1416 concreto
1661 1384 1859 1427 copulatum,

1127 1425 1382 1469 propositionem
1411 1426 1525 1458 falsam
1548 1427 1636 1459 facit.
1660 1426 1682 1460 i.
1698 1431 1859 1460 522—110-

1128 1479 1204 1501 men
1218 1469 1345 1501 nullum
1367 1469 1545 1502 accidentis
1567 1481 1606 1502 co
1667 1469 1696 1502 ri
1710 1470 1762 1503 vel
1786 1481 1859 1503 cor-

1127 1512 1218 1555 poris
1240 1512 1400 1545 accidenti
1423 1513 1596 1546 tribuatur.
1615 1513 1627 1545 i
1651 1513 1694 1546 id.
1702 1513 1860 1557 :——phan-

1129 1561 1302 1588 tasmatum
1317 1555 1450 1588 nomina
1463 1567 1538 1588 cum
1548 1556 1734 1589 nominibus
1745 1567 1860 1600 corpo-

1128 1609 1202 1630 rum
1227 1599 1373 1642 copulari
1402 1599 1437 1631 in
1466 1610 1576 1632 veram
1603 1600 1861 1643 propositionem

1129 1652 1195 1674 non
1210 1648 1354 1684 possunt.
1371 1642 1393 1675 i.
1410 1646 1463 1675 53.

1154 1696 1203 1717 uae
1227 1684 1384 1718 falsitates
1407 1685 1576 1718 nominum
1602 1685 1827 1729 copulatorum
1841 1697 1861 1719 e

1129 1696 1377 1761 definitionibus
1393 1729 1583 1771 detegendae
1598 1734 1684 1762 sunt.
1703 1729 1726 1763 i.
1742 1733 1796 1763 ⁵4.

1130 1771 1263 1803 nomina
1276 1782 1386 1804 rerum
1402 1783 1540 1814 quarum
1557 1783 1655 1805 causa
1676 1772 1787 1816 aliqua
1809 1773 1863 1806 in·

1130 1814 1237 1857 telligi
1251 1820 1368 1858 potest,
1384 1815 1463 1847 satis
1475 1815 1677 1848 definiuntur
1686 1816 1860 1859 quomodo.

1130 1857 1151 1891 i.
1169 1858 1436 1892 7l·2:—nomina
1449 1858 1513 1891 ista
1533 1859 1570 1890 in
1592 1859 1783 1892 definitione
1803 1860 1862 1893 ha-

1130 1901 1208 1934 bere
1222 1901 1342 1934 debent
1357 1912 1487 1934 causam
1502 1902 1608 1945 ipsam
1633 1902 1702 1936 sive
1725 1902 1861 1936 modum

1130 1944 1360 1995 generationis.
1371 1945 1393 1977 i.
1410 1948 1460 1979 72.

1130 1998 1166 2020 m
1180 1987 1397 2031 philosophia,
1412 1988 1620 2021 definitiones
1635 1993 1712 2022 sunt
1734 1989 1862 2032 priores

1130 2031 1317 2063 nominibus
1331 2031 1485 2064 definitis.
1499 2031 1521 2064 i.
1534 2032 1768 2065 75:·—nomina
1781 2032 1863 2065 defi·

1130 2074 1202 2107 nita
1215 2074 1385 2107 brevitatis
1399 2085 1497 2107 causa
1507 2081 1634 2107 tantum
1654 2075 1863 2109 adhibentur.

1130 2117 1210 2150 ibid.
1227 2117 1467 2150 z—nominibus
1501 2117 1644 2161 partium
1680 2118 1862 2168 explicatis,

1131 2171 1197 2192 non
1213 2166 1263 2193 est
1275 2171 1406 2193 necesse
1419 2167 1457 2193 ut
1471 2161 1515 2194 sit
1529 2171 1649 2194 nomen
1663 2171 1706 2194 ex
1716 2171 1759 2194 ns
1772 2173 1862 2195 com-

1133 2204 1286 2246 positum.
1314 2203 1587 2237 ibid.:-nomina
1613 2204 1794 2248 composita
1826 2205 1863 2238 in

1131 2247 1346 2296 philosophiae
1361 2257 1425 2279 una
1446 2253 1539 2290 parte
1555 2247 1700 2286 definita,
1725 2254 1864 2292 possunt

1133 2300 1168 2321 m
1183 2290 1248 2322 alia
1260 2295 1352 2332 parte
1367 2290 1463 2322 aliter
1477 2290 1616 2323 definiri.
1630 2290 1708 2324 ibid.

1132 2343 1251 2365 nomen
1266 2333 1391 2365 nullum
1406 2344 1466 2376 per
1480 2344 1581 2365 unum
1597 2333 1789 2367 vocabulum
1805 2335 1862 2368 de·

1132 2375 1254 2408 finitur.
1270 2376 1291 2408 i.
1309 2379 1348 2409 75
1363 2376 1597 2416 2—definitum,
1612 2377 1648 2409 in
1670 2377 1863 2412 definitione

1131 2419 1235 2462 repeti
1251 2429 1315 2451 non
1330 2419 1436 2452 debet.
1452 2419 1473 2452 i.
1491 2423 1543 2453 76.

1132 2462 1250 2504 quibus
1275 2462 1408 2494 nomina
1432 2463 1624 2506 imponeret,
1640 2468 1675 2496 et
1689 2475 1763 2507 qua.»
1785 2465 1862 2498 sub·

1131 2505 1274 2538 traheret
1297 2510 1330 2537 et
1356 2512 1575 2548 componeret,
1601 2506 1700 2540 homo
1724 2507 1761 2540 in
1785 2508 1864 2542 fictu

1130 2548 1274 2580 universi
1289 2548 1480 2581 sublatione.
1496 2549 1518 2582 i.
1532 2553 1622 2583 81—2.

1129 2591 1356 2634 phantasmata
1380 2599 1492 2624 nostra
1517 2593 1651 2626 nomine
1675 2593 1799 2638 duplici
1825 2593 1863 2628 in

1130 2634 1289 2666 rationem
1305 2635 1415 2667 venire
1431 2642 1577 2678 possunt.
1591 2636 1613 2669 i.
1629 2640 1680 2670 82.

1130 2677 1408 2720 computationum
1425 2679 1557 2711 nomina
1579 2679 1614 2711 in
1629 2679 1740 2713 animo
1760 2679 1862 2715 faett-

1130 2731 1214 2759 rum,
1231 2727 1307 2753 sunt
1321 2723 1392 2760 dies,
1408 2734 1516 2761 annas,
1528 2724 1644 2762 mensis,
1655 2729 1716 2756 etc.
1732 2723 1756 2757 i.
1769 2727 1822 2758 84.

1129 2764 1171 2796 de
1192 2763 1323 2796 nomine
1343 2771 1496 2798 concreto
1507 2765 1536 2798 si
1550 2765 1618 2799 inte
1717 2772 1772 2800 uu·
1788 2769 1865 2810 quui

1129 2813 1182 2846 at,
1197 2807 1459 2850 respondendum
1475 2815 1525 2841 est
1548 2819 1608 2852 per
1625 2777 1860 2844 definitionem.

1127 2850 1150 2882 i.
1165 2854 1206 2883 92
1214 2850 1308 2883 z—de
1323 2852 1455 2884 nomine
1469 2851 1633 2885 abstracto
1647 2852 1676 2885 si
1695 2859 1863 2896 quaer-‚mr

1128 2895 1203 2935 quid
1222 2899 1274 2932 est,
1288 2894 1487 2927 ostendenda
1501 2905 1596 2927 causa
1612 2906 1714 2946 quare
1735 2896 1862 2941 aliquid

1129 2937 1194 2970 hoe
1210 2937 1260 2969 vel
1275 2936 1334 2970 illo
1349 2937 1446 2971 modo
1460 2945 1604 2982 apparet.
1618 2938 1698 2972 ibid.
