1982 3204
583 307 900 343 raAcTA'rns
928 307 1180 342 cericus„
1473 302 1569 344 225

178 417 288 466 AB.
358 418 410 466 Si
436 418 584 478 igitur
607 420 669 467 ad
694 420 786 468 GH
813 419 862 467 in
889 418 1083 482 punctis
1107 418 1149 466 G
1173 426 1223 465 et
1257 419 1302 465 H
1330 418 1573 468 ducantur
1629 438 1736 464 paor.
1759 438 1812 463 ιν.

181 494 607 556 perpendiculares
642 496 725 553 GI,
745 496 859 550 HK,
891 495 983 543 erit
1013 510 1299 558 progressus
1333 495 1571 544 directus:
1629 484 1817 504 νῆά

182 578 232 616 et
261 578 392 616 totus
417 570 580 618 radius
604 572 694 618 erit
728 572 938 633 spatium
974 570 1257 618 conclusum
1290 570 1419 618 intra
1448 572 1572 633 'figu—

182 658 287 691 ram
312 645 676 694 ACGIKHDB.
748 648 887 694 Patet
910 662 1027 708 ergo
1053 645 1175 693 ratio
1199 646 1398 708 physica
1424 663 1574 708 quare

181 720 347 768 radius
382 722 682 785 refringitur,
715 723 982 770 consistens
1020 721 1070 768 in
1106 737 1164 768 eo
1188 721 1318 785 quod
1359 722 1574 770 medium

182 805 256 843 est
289 796 506 844 biforme.

249 871 532 920 Notandum
557 882 632 920 est
654 888 844 937 quoque
868 880 1027 920 rectas
1052 871 1145 929 LF,
1167 871 1291 930 MH,
1316 873 1572 935 perpendi-

182 945 370 994 culares
392 947 456 995 ad
473 947 575 1005 ED,
600 963 705 995 esse
728 949 857 995 inter
880 964 931 995 se
955 947 1193 1011 aequales:
1218 947 1349 1011 quod
1373 947 1574 996 demon-

179 1029 336 1069 strare
366 1037 466 1069 non
501 1031 576 1069 est
611 1022 822 1078 difficile,
851 1022 938 1070 sed
963 1022 1248 1070 verbosum:
1285 1038 1345 1070 ex
1365 1039 1461 1086 quo
1498 1039 1574 1071 se-

180 1095 363 1159 quitur,
399 1097 524 1145 datis
565 1097 644 1145 LF
683 1099 815 1162 (quae
855 1106 930 1146 est
972 1098 1218 1161 quantitas
1254 1098 1574 1148 demersionis

178 1171 374 1218 termini
400 1171 444 1219 D
467 1172 517 1220 in
543 1172 702 1220 medio
728 1173 901 1234 denso)
924 1182 975 1221 et
999 1173 1086 1220 AB
1115 1175 1245 1237 (quae
1270 1175 1479 1222 sumitur
1496 1191 1575 1222 ar-

179 1245 326 1294 bitrio
349 1256 518 1295 nostro
543 1264 632 1310 pro
665 1249 792 1296 linea
818 1249 979 1308 lucis),
1003 1249 1169 1296 statim
1208 1249 1315 1297 dari
1352 1249 1446 1298 GH
1483 1266 1574 1313 pro

178 1319 309 1369 linea
332 1322 455 1370 lucis
477 1333 750 1387 propagata
785 1325 835 1372 in
868 1324 1084 1372 medium
1120 1324 1343 1373 densum.
1412 1325 1575 1374 Ducta

178 1397 309 1444 enim
333 1406 469 1445 recta
492 1398 579 1445 FH
605 1399 837 1462 parallela
859 1400 922 1447 ad
946 1401 1048 1458 ED,
1075 1409 1124 1448 et
1147 1401 1393 1463 applicata
1416 1392 1575 1465 longiss

178 1472 350 1520 tudine
374 1473 478 1531 AB,
504 1474 575 1521 ita
598 1483 654 1522 ut
676 1475 802 1523 alter
833 1476 1072 1522 terminus
1110 1476 1175 1523 sit
1212 1476 1263 1523 in
1299 1484 1435 1524 recta
1469 1477 1572 1535 ED,

178 1547 307 1596 alter
328 1549 380 1596 in
404 1549 508 1604 FH,
528 1550 612 1597 fiet
630 1551 723 1598 GH
751 1550 880 1598 linea
903 1551 1025 1598 lucis
1043 1560 1314 1614 propagata
1332 1567 1572 1615 eousque:

178 1640 210 1671 a
245 1640 343 1688 qua
382 1625 541 1672 ductae
580 1626 1011 1689 perpendiculares
1051 1627 1133 1686 GI,
1161 1628 1276 1686 HK,
1314 1627 1574 1690 designant

179 1699 303 1748 radii
321 1701 813 1763 partemrefractam.
886 1702 1057 1766 Neque
1080 1701 1232 1750 refert
1255 1702 1319 1750 ad
1342 1703 1572 1751 effectum

178 1775 499 1833 retractionis,
524 1776 573 1824 in
595 1793 691 1840 qua
722 1786 861 1840 parte
885 1786 1033 1825 rectae
1051 1777 1137 1824 ED
1157 1785 1400 1826 statuatur
1422 1794 1571 1841 punc·

178 1861 284 1902 tum
303 1854 360 1912 G,
386 1871 497 1902 cum
534 1863 639 1903 tota
662 1857 764 1914 ED,
791 1856 918 1903 sicut
949 1864 1000 1902 et
1030 1855 1117 1903 AB
1143 1856 1218 1903 vel
1249 1856 1360 1914 GH,
1392 1856 1571 1903 intelli·

176 1929 340 1993 genda
363 1931 428 1978 sit
451 1938 506 1978 ut
530 1931 838 1979 insensibilis.
897 1931 1211 1980 Commodius
1235 1940 1400 1980 tamen
1417 1949 1571 1995 pone-

178 2012 260 2053 tur
282 2005 326 2054 G
357 2006 408 2053 in
445 2006 550 2069 ipso
586 2016 771 2069 puncto
804 2007 844 2054 E
878 2015 930 2054 et
967 2007 1049 2054 H:
1087 2007 1136 2054 in
1162 2023 1219 2055 ea
1251 2015 1390 2070 parte
1421 2016 1570 2056 rectae

179 2080 267 2129 FH
307 2097 453 2145 quam
500 2082 757 2145 longitudo
795 2083 883 2130 AB
929 2082 1224 2131 determinat
1245 2102 1256 2130 z
1299 2092 1354 2131 ut
1390 2083 1477 2131 ΑΕ
1519 2083 1570 2130 in

177 2157 340 2205 medio
371 2173 483 2205 raro
518 2159 834 2206 continuetur
863 2174 975 2206 cum
999 2158 1066 2206 GI
1098 2167 1237 2222 parte
1274 2159 1487 2207 refracta
1518 2159 1569 2206 in

177 2231 340 2281 medio
364 2232 532 2282 denso.

657 2411 992 2446 Pnoposl‘rlo
1033 2413 1085 2446 V.

181 2499 375 2550 Radius
397 2503 617 2553 incidens
644 2506 1136 2571 perpendiculariter
1172 2507 1222 2555 in
1238 2508 1566 2573 ,superficiem

238 2575 461 2641 planam,
478 2580 790 2628 considerari
798 2587 968 2646 potest
987 2589 1219 2646 tanquam
1236 2582 1368 2631 linea
1387 2583 1566 2631 mathe-

247 2651 460 2701 matica.-
496 2654 590 2702 sed
616 2655 838 2704 incidens
866 2657 917 2705 in
940 2656 1142 2705 eandem
1178 2657 1387 2722 oblique,
1413 2658 1567 2707 consi-

247 2724 499 2775 derandus
520 2736 595 2778 εει
617 2737 671 2778 ut
693 2730 880 2780 habens
903 2731 1224 2781 latitudinem.

249 2825 327 2874 Sit
349 2825 514 2875 radius
530 2827 705 2879 ABCD
728 2831 914 2880 habens
936 2832 1246 2880 latitudinem
1267 2833 1368 2891 AC,
1387 2832 1567 2880 cadens

180 2900 648 2965 perpendiculariter
664 2906 714 2954 in
735 2907 934 2970 planum
954 2908 1063 2956 BD:
1088 2908 1427 2957 consideratur
1449 2922 1567 2968 ergo

314 2991 440 3025 vot..
466 2991 518 3025 v.
1398 2998 1434 3035 Q
