<?xml version="1.0" encoding="UTF-8"?>
<!DOCTYPE html PUBLIC "-//W3C//DTD XHTML 1.0 Transitional//EN"
    "http://www.w3.org/TR/xhtml1/DTD/xhtml1-transitional.dtd">
<html xmlns="http://www.w3.org/1999/xhtml" xml:lang="en" lang="en">
 <head>
  <title>
</title>
<meta http-equiv="Content-Type" content="text/html;charset=utf-8" />
  <meta name='ocr-system' content='tesseract 3.04.00' />
  <meta name='ocr-capabilities' content='ocr_page ocr_carea ocr_par ocr_line ocrx_word'/>
</head>
<body>
  <div class='ocr_page' id='page_1' title='image "./operaphilosophic05hobbuoft/operaphilosophic05hobbuoft_0267.png"; bbox 0 0 1982 3204; ppageno 0'>
   <div class='ocr_carea' id='block_1_1' title="bbox 499 278 1593 327">
    <p class='ocr_par' dir='ltr' id='par_1_1' title="bbox 499 278 1593 327">
     <span class='ocr_line' id='line_1_1' title="bbox 499 278 1593 327; baseline -0.005 0"><span class='ocrx_word' id='word_1_1' title='bbox 499 294 570 327; x_wconf 73' lang='lat' dir='ltr'>AD</span> <span class='ocrx_word' id='word_1_2' title='bbox 597 291 851 327; x_wconf 76' lang='lat' dir='ltr'>CARTRsn</span> <span class='ocrx_word' id='word_1_3' title='bbox 879 290 1316 324; x_wconf 73' lang='lat' dir='ltr'><strong>MEDITATIONRS.</strong></span> <span class='ocrx_word' id='word_1_4' title='bbox 1495 278 1593 322; x_wconf 84' lang='lat'>259</span> 
     </span>
    </p>
   </div>
   <div class='ocr_carea' id='block_1_2' title="bbox 214 399 1840 465">
    <p class='ocr_par' dir='ltr' id='par_1_2' title="bbox 214 399 1840 465">
     <span class='ocr_line' id='line_1_2' title="bbox 214 399 1840 465; baseline -0.006 -11"><span class='ocrx_word' id='word_1_5' title='bbox 214 412 430 454; x_wconf 86' lang='lat' dir='ltr'><strong>mentem</strong></span> <span class='ocrx_word' id='word_1_6' title='bbox 453 419 559 451; x_wconf 78' lang='lat' dir='ltr'>esse</span> <span class='ocrx_word' id='word_1_7' title='bbox 582 411 786 460; x_wconf 89' lang='lat' dir='ltr'>motum,</span> <span class='ocrx_word' id='word_1_8' title='bbox 810 409 973 465; x_wconf 87' lang='lat' dir='ltr'>posset</span> <span class='ocrx_word' id='word_1_9' title='bbox 1009 401 1156 448; x_wconf 90' lang='lat' dir='ltr'>etiam</span> <span class='ocrx_word' id='word_1_10' title='bbox 1186 399 1475 448; x_wconf 86' lang='lat' dir='ltr'>concludere</span> <span class='ocrx_word' id='word_1_11' title='bbox 1497 407 1591 447; x_wconf 85' lang='lat' dir='ltr'>ter-</span> <span class='ocrx_word' id='word_1_12' title='bbox 1649 416 1840 444; x_wconf 61' lang='lat' dir='ltr'>omnem-10</span> 
     </span>
    </p>
   </div>
   <div class='ocr_carea' id='block_1_3' title="bbox 215 471 1832 540">
    <p class='ocr_par' dir='ltr' id='par_1_3' title="bbox 215 471 1832 540">
     <span class='ocr_line' id='line_1_3' title="bbox 215 471 1832 540; baseline -0.006 -11"><span class='ocrx_word' id='word_1_13' title='bbox 215 496 319 528; x_wconf 86' lang='lat' dir='ltr'>ram</span> <span class='ocrx_word' id='word_1_14' title='bbox 344 495 447 528; x_wconf 85' lang='lat' dir='ltr'>esse</span> <span class='ocrx_word' id='word_1_15' title='bbox 471 478 663 537; x_wconf 88' lang='lat' dir='ltr'>coelum,</span> <span class='ocrx_word' id='word_1_16' title='bbox 688 478 763 525; x_wconf 91' lang='lat' dir='ltr'>vel</span> <span class='ocrx_word' id='word_1_17' title='bbox 788 475 1025 540; x_wconf 90' lang='lat' dir='ltr'>quidquid</span> <span class='ocrx_word' id='word_1_18' title='bbox 1058 475 1190 523; x_wconf 91' lang='lat' dir='ltr'>aliud</span> <span class='ocrx_word' id='word_1_19' title='bbox 1225 475 1316 523; x_wconf 87' lang='lat' dir='ltr'>sibi</span> <span class='ocrx_word' id='word_1_20' title='bbox 1338 474 1588 538; x_wconf 84' lang='lat' dir='ltr'>placuerit.</span> <span class='ocrx_word' id='word_1_21' title='bbox 1644 471 1832 540; x_wconf 39' lang='lat' dir='ltr'>„L</span> 
     </span>
    </p>
   </div>
   <div class='ocr_carea' id='block_1_4' title="bbox 1446 661 1511 672">
    <p class='ocr_par' dir='ltr' id='par_1_4' title="bbox 1446 661 1511 672">
     <span class='ocr_line' id='line_1_4' title="bbox 1446 661 1511 672; baseline 0 0"><span class='ocrx_word' id='word_1_22' title='bbox 1446 661 1511 672; x_wconf 60' lang='grc' dir='ltr'>«ι.</span> 
     </span>
    </p>
   </div>
   <div class='ocr_carea' id='block_1_5' title="bbox 734 677 1083 712">
    <p class='ocr_par' dir='ltr' id='par_1_5' title="bbox 734 677 1083 712">
     <span class='ocr_line' id='line_1_5' title="bbox 734 677 1083 712; baseline -0.006 0"><span class='ocrx_word' id='word_1_23' title='bbox 734 678 1000 712; x_wconf 81' lang='lat' dir='ltr'>OBJECTIO</span> <span class='ocrx_word' id='word_1_24' title='bbox 1032 677 1083 710; x_wconf 86' lang='lat' dir='ltr'>V.</span> 
     </span>
    </p>
   </div>
   <div class='ocr_carea' id='block_1_6' title="bbox 492 775 1318 902">
    <p class='ocr_par' dir='ltr' id='par_1_6' title="bbox 492 775 1318 902">
     <span class='ocr_line' id='line_1_6' title="bbox 492 775 1318 813; baseline -0.006 0"><span class='ocrx_word' id='word_1_25' title='bbox 492 780 565 813; x_wconf 75' lang='lat' dir='ltr'>An</span> <span class='ocrx_word' id='word_1_26' title='bbox 594 777 1028 812; x_wconf 79' lang='lat' dir='ltr'>MEDITATlONBM</span> <span class='ocrx_word' id='word_1_27' title='bbox 1054 775 1318 810; x_wconf 75' lang='lat' dir='ltr'>TERTIAM.</span> 
     </span>
     <span class='ocr_line' id='line_1_7' title="bbox 789 853 1023 902; baseline -0.009 0"><span class='ocrx_word' id='word_1_28' title='bbox 789 855 870 902; x_wconf 91' lang='lat' dir='ltr'>De</span> <span class='ocrx_word' id='word_1_29' title='bbox 900 853 1023 901; x_wconf 87' lang='lat' dir='ltr'>Deo.</span> 
     </span>
    </p>
   </div>
   <div class='ocr_carea' id='block_1_7' title="bbox 0 944 1600 1314">
    <p class='ocr_par' dir='ltr' id='par_1_7' title="bbox 0 944 1600 1314">
     <span class='ocr_line' id='line_1_8' title="bbox 0 944 1595 1009; baseline -0.004 -10"><span class='ocrx_word' id='word_1_30' title='bbox 0 948 13 999; x_wconf 74' lang='grc' dir='ltr'>ὲ·</span> <span class='ocrx_word' id='word_1_31' title='bbox 220 948 457 1007; x_wconf 71' lang='lat' dir='ltr'>Qnoedam</span> <span class='ocrx_word' id='word_1_32' title='bbox 493 964 556 995; x_wconf 76' lang='lat' dir='ltr'>ex</span> <span class='ocrx_word' id='word_1_33' title='bbox 595 946 690 1004; x_wconf 74' lang='lat' dir='ltr'>his,</span> <span class='ocrx_word' id='word_1_34' title='bbox 726 946 913 994; x_wconf 90' lang='lat' dir='ltr'>scilicet</span> <span class='ocrx_word' id='word_1_35' title='bbox 952 946 1326 1009; x_wconf 86' lang='lat' dir='ltr'>cogitationibus</span> <span class='ocrx_word' id='word_1_36' title='bbox 1357 944 1595 1002; x_wconf 89' lang='lat' dir='ltr'>humanis,</span> 
     </span>
     <span class='ocr_line' id='line_1_9' title="bbox 284 1019 1597 1087; baseline -0.003 -16"><span class='ocrx_word' id='word_1_37' title='bbox 284 1030 514 1087; x_wconf 81' lang='lat' dir='ltr'>tanquam</span> <span class='ocrx_word' id='word_1_38' title='bbox 538 1037 702 1069; x_wconf 85' lang='lat' dir='ltr'>rerum</span> <span class='ocrx_word' id='word_1_39' title='bbox 726 1021 969 1086; x_wconf 73' lang='lat' dir='ltr'>imagines</span> <span class='ocrx_word' id='word_1_40' title='bbox 992 1027 1119 1080; x_wconf 77' lang='lat' dir='ltr'>sunt,</span> <span class='ocrx_word' id='word_1_41' title='bbox 1144 1020 1316 1084; x_wconf 77' lang='lat' dir='ltr'>quibus</span> <span class='ocrx_word' id='word_1_42' title='bbox 1335 1019 1457 1067; x_wconf 72' lang='lat' dir='ltr'>solis</span> <span class='ocrx_word' id='word_1_43' title='bbox 1471 1036 1597 1085; x_wconf 82' lang='lat' dir='ltr'>pro-</span> 
     </span>
     <span class='ocr_line' id='line_1_10' title="bbox 275 1095 1600 1164; baseline -0.002 -18"><span class='ocrx_word' id='word_1_44' title='bbox 275 1100 399 1164; x_wconf 77' lang='lat' dir='ltr'>prie</span> <span class='ocrx_word' id='word_1_45' title='bbox 421 1097 635 1145; x_wconf 83' lang='lat' dir='ltr'>convenit</span> <span class='ocrx_word' id='word_1_46' title='bbox 659 1096 784 1144; x_wconf 83' lang='lat' dir='ltr'>ideoe</span> <span class='ocrx_word' id='word_1_47' title='bbox 806 1111 1000 1143; x_wconf 85' lang='lat' dir='ltr'>nomen:</span> <span class='ocrx_word' id='word_1_48' title='bbox 1035 1102 1088 1144; x_wconf 85' lang='lat' dir='ltr'>ut</span> <span class='ocrx_word' id='word_1_49' title='bbox 1115 1112 1220 1143; x_wconf 85' lang='lat' dir='ltr'>cum</span> <span class='ocrx_word' id='word_1_50' title='bbox 1243 1095 1493 1154; x_wconf 76' lang='lat' dir='ltr'>hominem,</span> <span class='ocrx_word' id='word_1_51' title='bbox 1524 1095 1600 1143; x_wconf 82' lang='lat' dir='ltr'>vel</span> 
     </span>
     <span class='ocr_line' id='line_1_11' title="bbox 283 1169 1599 1236; baseline -0.002 -15"><span class='ocrx_word' id='word_1_52' title='bbox 283 1172 579 1231; x_wconf 71' lang='lat' dir='ltr'>chlmaeram,</span> <span class='ocrx_word' id='word_1_53' title='bbox 615 1171 693 1220; x_wconf 82' lang='lat' dir='ltr'>vel</span> <span class='ocrx_word' id='word_1_54' title='bbox 724 1171 912 1230; x_wconf 87' lang='lat' dir='ltr'>coelum,</span> <span class='ocrx_word' id='word_1_55' title='bbox 948 1170 1029 1219; x_wconf 82' lang='lat' dir='ltr'>vel</span> <span class='ocrx_word' id='word_1_56' title='bbox 1057 1171 1301 1236; x_wconf 81' lang='lat' dir='ltr'>angelum,</span> <span class='ocrx_word' id='word_1_57' title='bbox 1335 1169 1413 1218; x_wconf 82' lang='lat' dir='ltr'>vel</span> <span class='ocrx_word' id='word_1_58' title='bbox 1441 1170 1599 1219; x_wconf 84' lang='lat' dir='ltr'>Deum</span> 
     </span>
     <span class='ocr_line' id='line_1_12' title="bbox 281 1249 466 1314; baseline -0.005 -18"><span class='ocrx_word' id='word_1_59' title='bbox 281 1249 466 1314; x_wconf 80' lang='lat' dir='ltr'>cogito.</span> 
     </span>
    </p>
   </div>
   <div class='ocr_carea' id='block_1_8' title="bbox 216 1337 1602 2760">
    <p class='ocr_par' dir='ltr' id='par_1_8' title="bbox 216 1337 1602 1931">
     <span class='ocr_line' id='line_1_13' title="bbox 283 1337 1599 1403; baseline -0.002 -15"><span class='ocrx_word' id='word_1_60' title='bbox 283 1339 407 1388; x_wconf 92' lang='lat' dir='ltr'>Cum</span> <span class='ocrx_word' id='word_1_61' title='bbox 430 1339 660 1387; x_wconf 81' lang='lat' dir='ltr'>hominem</span> <span class='ocrx_word' id='word_1_62' title='bbox 684 1339 862 1403; x_wconf 90' lang='lat' dir='ltr'>cogito,</span> <span class='ocrx_word' id='word_1_63' title='bbox 887 1354 1098 1402; x_wconf 88' lang='lat' dir='ltr'>agnosco</span> <span class='ocrx_word' id='word_1_64' title='bbox 1122 1338 1281 1386; x_wconf 90' lang='lat' dir='ltr'>ideam</span> <span class='ocrx_word' id='word_1_65' title='bbox 1304 1339 1403 1387; x_wconf 90' lang='lat' dir='ltr'>sive</span> <span class='ocrx_word' id='word_1_66' title='bbox 1428 1337 1599 1401; x_wconf 77' lang='lat' dir='ltr'>imagi-</span> 
     </span>
     <span class='ocr_line' id='line_1_14' title="bbox 217 1414 1602 1478; baseline -0.001 -15"><span class='ocrx_word' id='word_1_67' title='bbox 217 1430 328 1463; x_wconf 90' lang='lat' dir='ltr'>nem</span> <span class='ocrx_word' id='word_1_68' title='bbox 352 1415 666 1463; x_wconf 80' lang='lat' dir='ltr'>constitutam</span> <span class='ocrx_word' id='word_1_69' title='bbox 683 1430 742 1462; x_wconf 82' lang='lat' dir='ltr'>ex</span> <span class='ocrx_word' id='word_1_70' title='bbox 760 1415 918 1478; x_wconf 90' lang='lat' dir='ltr'>figura</span> <span class='ocrx_word' id='word_1_71' title='bbox 941 1421 990 1462; x_wconf 91' lang='lat' dir='ltr'>et</span> <span class='ocrx_word' id='word_1_72' title='bbox 1014 1414 1192 1473; x_wconf 89' lang='lat' dir='ltr'>colore,</span> <span class='ocrx_word' id='word_1_73' title='bbox 1210 1414 1271 1462; x_wconf 89' lang='lat' dir='ltr'>de</span> <span class='ocrx_word' id='word_1_74' title='bbox 1288 1430 1384 1478; x_wconf 87' lang='lat' dir='ltr'>qua</span> <span class='ocrx_word' id='word_1_75' title='bbox 1406 1429 1602 1477; x_wconf 90' lang='lat' dir='ltr'>possum</span> 
     </span>
     <span class='ocr_line' id='line_1_15' title="bbox 217 1489 1600 1539; baseline -0.002 0"><span class='ocrx_word' id='word_1_76' title='bbox 217 1490 440 1539; x_wconf 88' lang='lat' dir='ltr'>dubitare</span> <span class='ocrx_word' id='word_1_77' title='bbox 463 1506 527 1538; x_wconf 89' lang='lat' dir='ltr'>an</span> <span class='ocrx_word' id='word_1_78' title='bbox 550 1491 614 1538; x_wconf 90' lang='lat' dir='ltr'>sit</span> <span class='ocrx_word' id='word_1_79' title='bbox 641 1491 851 1538; x_wconf 88' lang='lat' dir='ltr'>hominis</span> <span class='ocrx_word' id='word_1_80' title='bbox 883 1489 1148 1538; x_wconf 87' lang='lat' dir='ltr'>similitudo</span> <span class='ocrx_word' id='word_1_81' title='bbox 1170 1489 1246 1538; x_wconf 89' lang='lat' dir='ltr'>vel</span> <span class='ocrx_word' id='word_1_82' title='bbox 1270 1506 1385 1537; x_wconf 92' lang='lat' dir='ltr'>non.</span> <span class='ocrx_word' id='word_1_83' title='bbox 1456 1489 1600 1537; x_wconf 91' lang='lat' dir='ltr'>Simi-</span> 
     </span>
     <span class='ocr_line' id='line_1_16' title="bbox 217 1564 1598 1630; baseline -0.002 -15"><span class='ocrx_word' id='word_1_84' title='bbox 217 1566 345 1626; x_wconf 85' lang='lat' dir='ltr'>liter,</span> <span class='ocrx_word' id='word_1_85' title='bbox 369 1583 482 1615; x_wconf 91' lang='lat' dir='ltr'>cum</span> <span class='ocrx_word' id='word_1_86' title='bbox 518 1566 682 1630; x_wconf 88' lang='lat' dir='ltr'>cogito</span> <span class='ocrx_word' id='word_1_87' title='bbox 705 1565 890 1613; x_wconf 85' lang='lat' dir='ltr'>coelam.</span> <span class='ocrx_word' id='word_1_88' title='bbox 962 1565 1085 1613; x_wconf 91' lang='lat' dir='ltr'>Cum</span> <span class='ocrx_word' id='word_1_89' title='bbox 1116 1564 1396 1613; x_wconf 78' lang='lat' dir='ltr'>chimoeram</span> <span class='ocrx_word' id='word_1_90' title='bbox 1419 1564 1598 1628; x_wconf 90' lang='lat' dir='ltr'>cogito,</span> 
     </span>
     <span class='ocr_line' id='line_1_17' title="bbox 217 1639 1600 1707; baseline -0.004 -16"><span class='ocrx_word' id='word_1_91' title='bbox 217 1658 431 1707; x_wconf 83' lang='lat' dir='ltr'>agnosco</span> <span class='ocrx_word' id='word_1_92' title='bbox 454 1642 613 1690; x_wconf 88' lang='lat' dir='ltr'>ideam</span> <span class='ocrx_word' id='word_1_93' title='bbox 632 1642 732 1689; x_wconf 88' lang='lat' dir='ltr'>sive</span> <span class='ocrx_word' id='word_1_94' title='bbox 750 1642 1027 1704; x_wconf 87' lang='lat' dir='ltr'>imaginem,</span> <span class='ocrx_word' id='word_1_95' title='bbox 1048 1640 1108 1688; x_wconf 86' lang='lat' dir='ltr'>de</span> <span class='ocrx_word' id='word_1_96' title='bbox 1128 1656 1223 1703; x_wconf 88' lang='lat' dir='ltr'>qua</span> <span class='ocrx_word' id='word_1_97' title='bbox 1244 1655 1439 1703; x_wconf 88' lang='lat' dir='ltr'>possum</span> <span class='ocrx_word' id='word_1_98' title='bbox 1458 1639 1600 1687; x_wconf 88' lang='lat' dir='ltr'>dubi-</span> 
     </span>
     <span class='ocr_line' id='line_1_18' title="bbox 216 1714 1601 1778; baseline -0.003 -12"><span class='ocrx_word' id='word_1_99' title='bbox 216 1726 323 1766; x_wconf 87' lang='lat' dir='ltr'>tare</span> <span class='ocrx_word' id='word_1_100' title='bbox 353 1733 416 1766; x_wconf 90' lang='lat' dir='ltr'>an</span> <span class='ocrx_word' id='word_1_101' title='bbox 448 1717 511 1765; x_wconf 90' lang='lat' dir='ltr'>sit</span> <span class='ocrx_word' id='word_1_102' title='bbox 542 1716 807 1764; x_wconf 89' lang='lat' dir='ltr'>similitudo</span> <span class='ocrx_word' id='word_1_103' title='bbox 842 1716 1046 1778; x_wconf 87' lang='lat' dir='ltr'>alicujus</span> <span class='ocrx_word' id='word_1_104' title='bbox 1077 1715 1314 1773; x_wconf 88' lang='lat' dir='ltr'>animalis,</span> <span class='ocrx_word' id='word_1_105' title='bbox 1337 1731 1438 1763; x_wconf 93' lang='lat' dir='ltr'>non</span> <span class='ocrx_word' id='word_1_106' title='bbox 1473 1714 1601 1763; x_wconf 87' lang='lat' dir='ltr'>exis-</span> 
     </span>
     <span class='ocr_line' id='line_1_19' title="bbox 218 1789 1596 1856; baseline -0.003 -15"><span class='ocrx_word' id='word_1_107' title='bbox 218 1793 382 1851; x_wconf 86' lang='lat' dir='ltr'>tentis,</span> <span class='ocrx_word' id='word_1_108' title='bbox 417 1791 504 1840; x_wconf 88' lang='lat' dir='ltr'>sed</span> <span class='ocrx_word' id='word_1_109' title='bbox 531 1791 664 1856; x_wconf 89' lang='lat' dir='ltr'>quod</span> <span class='ocrx_word' id='word_1_110' title='bbox 698 1792 907 1839; x_wconf 82' lang='lat' dir='ltr'>existere</span> <span class='ocrx_word' id='word_1_111' title='bbox 942 1790 1097 1854; x_wconf 88' lang='lat' dir='ltr'>possit</span> <span class='ocrx_word' id='word_1_112' title='bbox 1127 1790 1205 1839; x_wconf 87' lang='lat' dir='ltr'>vel</span> <span class='ocrx_word' id='word_1_113' title='bbox 1246 1790 1465 1838; x_wconf 89' lang='lat' dir='ltr'>extiterit</span> <span class='ocrx_word' id='word_1_114' title='bbox 1500 1789 1596 1838; x_wconf 90' lang='lat' dir='ltr'>alio</span> 
     </span>
     <span class='ocr_line' id='line_1_20' title="bbox 217 1867 695 1931; baseline -0.006 -14"><span class='ocrx_word' id='word_1_115' title='bbox 217 1877 455 1931; x_wconf 89' lang='lat' dir='ltr'>tempore,</span> <span class='ocrx_word' id='word_1_116' title='bbox 479 1867 556 1915; x_wconf 90' lang='lat' dir='ltr'>vel</span> <span class='ocrx_word' id='word_1_117' title='bbox 579 1883 695 1915; x_wconf 89' lang='lat' dir='ltr'>non.</span> 
     </span>
    </p>

    <p class='ocr_par' dir='ltr' id='par_1_9' title="bbox 218 1939 1601 2593">
     <span class='ocr_line' id='line_1_21' title="bbox 285 1939 1598 2006; baseline -0.004 -14"><span class='ocrx_word' id='word_1_118' title='bbox 285 1943 527 1992; x_wconf 86' lang='lat' dir='ltr'>Caeterum</span> <span class='ocrx_word' id='word_1_119' title='bbox 570 1941 811 2005; x_wconf 86' lang='lat' dir='ltr'>cogitanti</span> <span class='ocrx_word' id='word_1_120' title='bbox 846 1939 1074 2006; x_wconf 83' lang='lat' dir='ltr'>angelum</span> <span class='ocrx_word' id='word_1_121' title='bbox 1114 1941 1400 1989; x_wconf 86' lang='lat' dir='ltr'>observatur</span> <span class='ocrx_word' id='word_1_122' title='bbox 1435 1940 1598 1988; x_wconf 90' lang='lat' dir='ltr'>animo</span> 
     </span>
     <span class='ocr_line' id='line_1_22' title="bbox 218 2014 1599 2084; baseline -0.004 -16"><span class='ocrx_word' id='word_1_123' title='bbox 218 2018 479 2084; x_wconf 87' lang='lat' dir='ltr'>aliquando</span> <span class='ocrx_word' id='word_1_124' title='bbox 510 2018 672 2080; x_wconf 90' lang='lat' dir='ltr'>imago</span> <span class='ocrx_word' id='word_1_125' title='bbox 695 2017 919 2072; x_wconf 87' lang='lat' dir='ltr'>flammae,</span> <span class='ocrx_word' id='word_1_126' title='bbox 942 2015 1204 2079; x_wconf 90' lang='lat' dir='ltr'>aliquando</span> <span class='ocrx_word' id='word_1_127' title='bbox 1227 2016 1366 2080; x_wconf 89' lang='lat' dir='ltr'>pueri</span> <span class='ocrx_word' id='word_1_128' title='bbox 1399 2014 1599 2063; x_wconf 87' lang='lat' dir='ltr'>formosi</span> 
     </span>
     <span class='ocr_line' id='line_1_23' title="bbox 218 2090 1601 2157; baseline -0.004 -14"><span class='ocrx_word' id='word_1_129' title='bbox 218 2094 351 2154; x_wconf 76' lang='lat' dir='ltr'>alati,</span> <span class='ocrx_word' id='word_1_130' title='bbox 370 2093 430 2142; x_wconf 92' lang='lat' dir='ltr'>de</span> <span class='ocrx_word' id='word_1_131' title='bbox 447 2109 543 2157; x_wconf 88' lang='lat' dir='ltr'>qua</span> <span class='ocrx_word' id='word_1_132' title='bbox 565 2102 728 2141; x_wconf 90' lang='lat' dir='ltr'>certus</span> <span class='ocrx_word' id='word_1_133' title='bbox 744 2092 864 2140; x_wconf 90' lang='lat' dir='ltr'>mihi</span> <span class='ocrx_word' id='word_1_134' title='bbox 881 2091 1049 2139; x_wconf 86' lang='lat' dir='ltr'>videor</span> <span class='ocrx_word' id='word_1_135' title='bbox 1067 2107 1170 2139; x_wconf 91' lang='lat' dir='ltr'>esse</span> <span class='ocrx_word' id='word_1_136' title='bbox 1187 2091 1318 2155; x_wconf 91' lang='lat' dir='ltr'>quod</span> <span class='ocrx_word' id='word_1_137' title='bbox 1334 2107 1435 2139; x_wconf 92' lang='lat' dir='ltr'>non</span> <span class='ocrx_word' id='word_1_138' title='bbox 1452 2090 1601 2138; x_wconf 88' lang='lat' dir='ltr'>habet</span> 
     </span>
     <span class='ocr_line' id='line_1_24' title="bbox 219 2165 1601 2231; baseline -0.003 -13"><span class='ocrx_word' id='word_1_139' title='bbox 219 2168 584 2218; x_wconf 76' lang='lat' dir='ltr'>similitudinem</span> <span class='ocrx_word' id='word_1_140' title='bbox 618 2167 794 2231; x_wconf 85' lang='lat' dir='ltr'>angeli,</span> <span class='ocrx_word' id='word_1_141' title='bbox 818 2183 975 2231; x_wconf 92' lang='lat' dir='ltr'>neque</span> <span class='ocrx_word' id='word_1_142' title='bbox 1009 2182 1127 2230; x_wconf 91' lang='lat' dir='ltr'>ergo</span> <span class='ocrx_word' id='word_1_143' title='bbox 1161 2182 1264 2215; x_wconf 89' lang='lat' dir='ltr'>esse</span> <span class='ocrx_word' id='word_1_144' title='bbox 1298 2182 1406 2214; x_wconf 92' lang='lat' dir='ltr'>eam</span> <span class='ocrx_word' id='word_1_145' title='bbox 1438 2165 1601 2229; x_wconf 86' lang='lat' dir='ltr'>angeli</span> 
     </span>
     <span class='ocr_line' id='line_1_25' title="bbox 220 2240 1598 2306; baseline -0.004 -12"><span class='ocrx_word' id='word_1_146' title='bbox 220 2244 381 2294; x_wconf 77' lang='lat' dir='ltr'>ideam</span> <span class='ocrx_word' id='word_1_147' title='bbox 401 2263 413 2292; x_wconf 75' lang='lat' dir='ltr'><em>z</em></span> <span class='ocrx_word' id='word_1_148' title='bbox 458 2243 543 2292; x_wconf 90' lang='lat' dir='ltr'>sed</span> <span class='ocrx_word' id='word_1_149' title='bbox 588 2243 791 2291; x_wconf 89' lang='lat' dir='ltr'>credens</span> <span class='ocrx_word' id='word_1_150' title='bbox 831 2258 935 2291; x_wconf 88' lang='lat' dir='ltr'>esse</span> <span class='ocrx_word' id='word_1_151' title='bbox 976 2250 1222 2291; x_wconf 88' lang='lat' dir='ltr'>creaturas</span> <span class='ocrx_word' id='word_1_152' title='bbox 1261 2242 1445 2306; x_wconf 86' lang='lat' dir='ltr'>aliquas</span> <span class='ocrx_word' id='word_1_153' title='bbox 1492 2240 1598 2289; x_wconf 89' lang='lat' dir='ltr'>Deo</span> 
     </span>
     <span class='ocr_line' id='line_1_26' title="bbox 220 2316 1600 2377; baseline -0.002 -9"><span class='ocrx_word' id='word_1_154' title='bbox 220 2320 565 2377; x_wconf 84' lang='lat' dir='ltr'>ministranteS,</span> <span class='ocrx_word' id='word_1_155' title='bbox 580 2317 859 2377; x_wconf 88' lang='lat' dir='ltr'>invisibiles,</span> <span class='ocrx_word' id='word_1_156' title='bbox 874 2325 924 2365; x_wconf 93' lang='lat' dir='ltr'>et</span> <span class='ocrx_word' id='word_1_157' title='bbox 941 2317 1298 2376; x_wconf 80' lang='lat' dir='ltr'>immateriales,</span> <span class='ocrx_word' id='word_1_158' title='bbox 1313 2317 1384 2365; x_wconf 90' lang='lat' dir='ltr'>rei</span> <span class='ocrx_word' id='word_1_159' title='bbox 1402 2316 1600 2365; x_wconf 86' lang='lat' dir='ltr'>creditae</span> 
     </span>
     <span class='ocr_line' id='line_1_27' title="bbox 222 2391 1600 2458; baseline -0.001 -17"><span class='ocrx_word' id='word_1_160' title='bbox 222 2394 301 2443; x_wconf 84' lang='lat' dir='ltr'>vel</span> <span class='ocrx_word' id='word_1_161' title='bbox 334 2394 594 2458; x_wconf 86' lang='lat' dir='ltr'>suppositae</span> <span class='ocrx_word' id='word_1_162' title='bbox 633 2409 813 2441; x_wconf 91' lang='lat' dir='ltr'>nomen</span> <span class='ocrx_word' id='word_1_163' title='bbox 851 2393 1175 2456; x_wconf 67' lang='lat' dir='ltr'>imponimus*</span> <span class='ocrx_word' id='word_1_164' title='bbox 1210 2391 1453 2458; x_wconf 83' lang='lat' dir='ltr'>angelum,</span> <span class='ocrx_word' id='word_1_165' title='bbox 1487 2407 1600 2439; x_wconf 90' lang='lat' dir='ltr'>cum</span> 
     </span>
     <span class='ocr_line' id='line_1_28' title="bbox 222 2468 1601 2534; baseline -0.001 -17"><span class='ocrx_word' id='word_1_166' title='bbox 222 2476 386 2517; x_wconf 79' lang='lat' dir='ltr'>tamen</span> <span class='ocrx_word' id='word_1_167' title='bbox 408 2469 519 2518; x_wconf 88' lang='lat' dir='ltr'>idea</span> <span class='ocrx_word' id='word_1_168' title='bbox 540 2470 630 2517; x_wconf 87' lang='lat' dir='ltr'>sub</span> <span class='ocrx_word' id='word_1_169' title='bbox 653 2485 750 2534; x_wconf 90' lang='lat' dir='ltr'>qua</span> <span class='ocrx_word' id='word_1_170' title='bbox 782 2469 1009 2532; x_wconf 88' lang='lat' dir='ltr'>angelum</span> <span class='ocrx_word' id='word_1_171' title='bbox 1037 2469 1292 2533; x_wconf 87' lang='lat' dir='ltr'>imaginor,</span> <span class='ocrx_word' id='word_1_172' title='bbox 1318 2468 1381 2516; x_wconf 91' lang='lat' dir='ltr'>sit</span> <span class='ocrx_word' id='word_1_173' title='bbox 1403 2483 1601 2531; x_wconf 89' lang='lat' dir='ltr'>compo-</span> 
     </span>
     <span class='ocr_line' id='line_1_29' title="bbox 225 2543 1027 2593; baseline 0.001 -2"><span class='ocrx_word' id='word_1_174' title='bbox 225 2543 321 2592; x_wconf 84' lang='lat' dir='ltr'>sita</span> <span class='ocrx_word' id='word_1_175' title='bbox 340 2559 401 2592; x_wconf 87' lang='lat' dir='ltr'>ex</span> <span class='ocrx_word' id='word_1_176' title='bbox 423 2543 543 2592; x_wconf 86' lang='lat' dir='ltr'>ideis</span> <span class='ocrx_word' id='word_1_177' title='bbox 565 2560 729 2593; x_wconf 87' lang='lat' dir='ltr'>rerum</span> <span class='ocrx_word' id='word_1_178' title='bbox 750 2544 1027 2593; x_wconf 85' lang='lat' dir='ltr'>visibilium.</span> 
     </span>
    </p>

    <p class='ocr_par' dir='ltr' id='par_1_10' title="bbox 228 2617 1600 2760">
     <span class='ocr_line' id='line_1_30' title="bbox 290 2617 1600 2678; baseline -0.001 -12"><span class='ocrx_word' id='word_1_179' title='bbox 290 2617 473 2666; x_wconf 85' lang='lat' dir='ltr'>Eodem</span> <span class='ocrx_word' id='word_1_180' title='bbox 489 2619 634 2668; x_wconf 90' lang='lat' dir='ltr'>modo</span> <span class='ocrx_word' id='word_1_181' title='bbox 651 2620 716 2668; x_wconf 83' lang='lat' dir='ltr'>ad</span> <span class='ocrx_word' id='word_1_182' title='bbox 733 2635 912 2668; x_wconf 91' lang='lat' dir='ltr'>nomen</span> <span class='ocrx_word' id='word_1_183' title='bbox 925 2619 1256 2668; x_wconf 85' lang='lat' dir='ltr'>venerandum</span> <span class='ocrx_word' id='word_1_184' title='bbox 1279 2618 1394 2678; x_wconf 82' lang='lat' dir='ltr'>Dei,</span> <span class='ocrx_word' id='word_1_185' title='bbox 1418 2617 1600 2666; x_wconf 88' lang='lat' dir='ltr'>nullam</span> 
     </span>
     <span class='ocr_line' id='line_1_31' title="bbox 228 2691 1600 2760; baseline -0.001 -19"><span class='ocrx_word' id='word_1_186' title='bbox 228 2691 321 2741; x_wconf 90' lang='lat' dir='ltr'>Dei</span> <span class='ocrx_word' id='word_1_187' title='bbox 342 2693 574 2743; x_wconf 85' lang='lat' dir='ltr'>habemus</span> <span class='ocrx_word' id='word_1_188' title='bbox 596 2695 858 2760; x_wconf 88' lang='lat' dir='ltr'>imaginem</span> <span class='ocrx_word' id='word_1_189' title='bbox 878 2696 979 2744; x_wconf 89' lang='lat' dir='ltr'>sive</span> <span class='ocrx_word' id='word_1_190' title='bbox 997 2695 1180 2744; x_wconf 90' lang='lat' dir='ltr'>ideam:</span> <span class='ocrx_word' id='word_1_191' title='bbox 1207 2695 1414 2759; x_wconf 90' lang='lat' dir='ltr'>ideoque</span> <span class='ocrx_word' id='word_1_192' title='bbox 1436 2692 1600 2759; x_wconf 90' lang='lat' dir='ltr'>prohi-</span> 
     </span>
    </p>
   </div>
   <div class='ocr_carea' id='block_1_9' title="bbox 0 1070 38 2272">
    <p class='ocr_par' dir='ltr' id='par_1_11' title="bbox 0 1070 38 2272">
     <span class='ocr_line' id='line_1_32' title="bbox 0 1070 38 2272; baseline 0 0"><span class='ocrx_word' id='word_1_193' title='bbox 0 1070 38 2272; x_wconf 95' lang='lat' dir='ltr'> </span> 
     </span>
    </p>
   </div>
   <div class='ocr_carea' id='block_1_10' title="bbox 222 2805 1606 2827">
    <p class='ocr_par' dir='ltr' id='par_1_12' title="bbox 222 2805 1606 2827">
     <span class='ocr_line' id='line_1_33' title="bbox 222 2805 1606 2827; baseline 0 377"><span class='ocrx_word' id='word_1_194' title='bbox 222 2805 1606 2827; x_wconf 95' lang='lat' dir='ltr'> </span> 
     </span>
    </p>
   </div>
   <div class='ocr_carea' id='block_1_11' title="bbox 846 2885 1445 2992">
    <p class='ocr_par' dir='ltr' id='par_1_13' title="bbox 846 2885 1445 2992">
     <span class='ocr_line' id='line_1_34' title="bbox 846 2885 979 2925; baseline 0 0"><span class='ocrx_word' id='word_1_195' title='bbox 846 2885 979 2925; x_wconf 58' lang='lat' dir='ltr'>*Sia</span> 
     </span>
     <span class='ocr_line' id='line_1_35' title="bbox 1381 2958 1445 2992; baseline 0 -5"><span class='ocrx_word' id='word_1_196' title='bbox 1381 2958 1445 2992; x_wconf 80' lang='lat' dir='ltr'>s2</span> 
     </span>
    </p>
   </div>
  </div>
 </body>
</html>
