1982 3204
152 396 264 422 PROP.
287 396 324 422 V.

392 261 487 305 226
791 271 1109 305 TnAc‘rA'rus
1139 272 1388 306 OPTICUS.

389 390 446 430 ut
469 382 548 431 via
572 398 667 446 qua
690 389 852 430 motus
877 388 1192 446 propagatur,
1219 383 1266 429 in
1294 399 1390 446 qua
1425 381 1594 430 eadem
1620 380 1784 428 omnia

390 459 622 506 accidunt
644 459 787 506 lateri
811 459 915 517 AB,
932 474 1039 521 quae
1062 458 1203 505 lateri
1230 459 1332 505 CD.
1378 458 1504 506 Nam
1525 465 1576 505 et
1592 464 1784 504 utrum-

392 550 484 597 que
530 535 657 582 latus
705 543 777 582 est
816 534 1218 597 perpendiculare
1259 533 1323 580 ad
1558 552 1640 666 {s

389 611 588 674 planum
628 610 730 666 BD,
762 619 812 657 et
857 610 1055 672 aequalis
1094 619 1168 657 est
1205 625 1320 672 ope-
1366 575 1566 673 *12
1617 627 1632 646 ν.
1663 588 1679 605 Δ
1742 589 1766 677 ἰ

389 686 517 734 ratio
542 686 602 733 ab
628 686 672 732 A
704 686 766 733 ad
793 686 848 743 B,
875 694 925 732 et
957 701 986 732 a
1011 685 1049 732 C
1074 684 1136 732 ad
1160 685 1221 742 D,
1246 684 1324 732 vel
1403 667 1558 804 ss
1583 685 1599 702 ‘³
1652 611 1685 841 ’Ἰ
1727 610 1733 841 ι

389 778 419 809 a
452 770 557 810 tota
581 762 667 809 AC
698 761 761 808 ad
789 769 943 808 totam
983 761 1086 809 BD.
1159 760 1324 808 Quare

390 854 528 901 aeque
575 836 883 884 considerare
924 845 1113 883 motum
1154 851 1325 899 possu-

389 929 498 960 mus
532 913 583 960 in
615 913 719 970 AB,
743 912 820 959 vel
859 912 911 959 in
947 912 1049 967 CD,
1086 911 1165 959 vel
1202 911 1252 958 in
1294 918 1400 958 tota
1439 909 1570 956 linea
1593 907 1786 956 ABCD.

391 990 653 1037 Possumus
677 1004 794 1051 ergo
819 987 1129 1035 considerare
1156 986 1348 1034 radium
1372 985 1548 1032 ABCD
1582 984 1687 1031 sine
1717 984 1788 1031 la-

391 1064 618 1120 titudine,
642 1064 736 1111 hoc
761 1070 835 1111 est
857 1071 914 1110 ut
936 1062 1067 1110 linea
1089 1061 1452 1109 mathematica.
1517 1059 1614 1107 Sed
1637 1059 1689 1106 in
1713 1059 1788 1107 in-

390 1140 606 1189 cidentia
630 1139 840 1202 obliqua,
865 1139 949 1185 ubi
974 1138 1195 1201 operatio
1221 1138 1280 1185 ab
1302 1137 1339 1184 F
1358 1135 1422 1183 ad
1439 1135 1642 1199 planum
1665 1135 1716 1182 in
1737 1135 1786 1182 H

389 1218 441 1265 in
466 1216 640 1279 majori
664 1223 738 1263 est
762 1214 998 1262 distantia
1021 1230 1167 1277 quam
1191 1214 1251 1261 ab
1276 1214 1316 1260 E
1341 1213 1391 1260 in
1417 1212 1479 1270 G,
1504 1227 1604 1259 non
1628 1219 1790 1274 potest

391 1291 691 1340 considerari
714 1291 888 1338 EFGH
916 1299 971 1338 ut
1007 1290 1138 1338 linea
1162 1288 1536 1337 mathematica:
1574 1287 1688 1350 quia
1718 1286 1788 1334 sic

391 1367 787 1416 consideraretur
843 1367 923 1413 EF
976 1373 1033 1413 ut
1084 1372 1324 1429 punctum
1371 1362 1788 1420 mathematicum,

391 1443 523 1507 quod
547 1450 713 1490 tamen
738 1441 1080 1489 consideratur
1103 1456 1202 1488 uno
1226 1440 1438 1488 termino
1463 1437 1655 1501 operari
1684 1436 1792 1484 lon-

390 1520 500 1583 gius
533 1534 678 1581 quam
710 1517 881 1575 altero,
907 1517 1002 1564 hoc
1036 1524 1126 1574 est,
1156 1514 1496 1564 consideratur
1519 1520 1574 1560 ut
1604 1511 1790 1559 habens

391 1595 644 1652 terminos,
667 1594 762 1641 hoc
787 1601 878 1652 est,
902 1609 1002 1640 non
1026 1599 1082 1640 ut
1105 1598 1358 1655 punctum.
1413 1590 1586 1652 Itaque
1611 1587 1652 1635 si
1676 1603 1789 1635 con-

393 1670 718 1718 sideraremus
741 1669 918 1716 lineam
943 1668 1136 1732 oblique
1174 1667 1474 1715 incidentem
1512 1672 1569 1712 ut
1602 1663 1792 1712 mathe-

393 1746 638 1804 maticam,
665 1745 1083 1793 consideraremus
1120 1744 1201 1791 EF
1236 1750 1293 1790 ut
1329 1750 1571 1806 punctum
1607 1747 1658 1787 et
1690 1753 1791 1787 non

394 1827 647 1884 punctum,
673 1819 804 1882 quod
830 1828 903 1867 est
927 1820 1210 1867 absurdum.

918 1997 920 2001 '
933 1997 1258 2045 Postulatum.

464 2107 786 2165 Postulamus,
812 2107 969 2154 latera
1005 2106 1130 2154 radii
1167 2107 1300 2154 exire
1335 2121 1365 2152 a
1394 2105 1525 2152 linea
1549 2116 1658 2164 quae
1688 2099 1795 2162 ipsa

397 2182 652 2245 conjungit
674 2181 738 2230 ad
756 2181 960 2244 angulos
986 2189 1161 2240 rectos,
1187 2181 1334 2229 modo
1358 2180 1456 2227 sint
1487 2184 1538 2225 et
1568 2177 1722 2224 latera
1744 2181 1795 2222 et

396 2258 527 2305 linea
562 2257 685 2305 lucis
722 2256 773 2304 in
806 2256 979 2304 eodem
1021 2256 1197 2304 medio.
1269 2253 1493 2317 Exempli
1530 2250 1705 2314 gratia,
1729 2249 1794 2298 sit

395 2333 562 2381 radius
608 2332 806 2380 luminis
845 2332 1038 2389 ABCD,
1078 2332 1217 2394 cujus
1263 2331 1419 2378 latera
1551 2331 1567 2349 ¹³
1725 2329 1743 2348 ⁴

396 2416 512 2456 sunt
530 2408 620 2455 AD
646 2416 696 2455 et
717 2408 814 2466 BC,
839 2407 969 2455 linea
991 2415 1157 2455 autem
1180 2423 1288 2469 quae
1313 2406 1420 2469 ipsa
1490 2364 1780 2611 ff’

398 2484 654 2548 conjungit
678 2484 781 2542 AB,
807 2499 953 2546 quam
989 2483 1169 2530 lineam
1195 2498 1316 2530 voco
1355 2480 1417 2528 li-

396 2578 536 2611 neam
569 2561 711 2610 lucis,
783 2561 981 2609 Postulo
1005 2560 1085 2608 hic
1110 2560 1233 2608 nihil
1268 2559 1417 2618 aliud,

399 2654 546 2703 quam
563 2645 618 2686 ut
643 2637 860 2686 lucidum
885 2645 1116 2701 operetur
1140 2636 1257 2684 totis
1280 2636 1493 2684 viribus:
1519 2652 1635 2687 nam
1659 2640 1700 2688 si
1722 2641 1790 2691 la·

395 2722 503 2764 tera
525 2714 650 2762 radii
674 2713 865 2761 exirent
888 2714 948 2761 ab
974 2713 1061 2760 AB
1084 2712 1214 2760 linea
1236 2711 1359 2759 lucis
1383 2711 1594 2777 oblique,
1627 2723 1684 2764 ut
1706 2717 1792 2766 ΑΕ

397 2798 448 2839 et
471 2790 567 2848 BF,
592 2805 694 2838 non
716 2796 885 2852 ageret
920 2787 1138 2836 lucidum
1173 2787 1292 2836 totis
1314 2787 1515 2847 viribus,
1540 2789 1628 2839 sed
1651 2790 1794 2842 dimi-

396 2866 546 2926 nutiS,
572 2882 630 2914 ea
654 2864 842 2914 scilicet
865 2863 1057 2913 ratione
1076 2879 1223 2928 quam
1245 2862 1395 2911 habet
1420 2863 1509 2913 AG
1533 2864 1598 2914 ad
1620 2865 1724 2916 AB.
