1982 3204
177 403 267 430 CAP.
288 404 332 431 n.

412 268 502 310 164
707 279 992 313 PRINCIPIA
1021 280 1087 313 ET
1114 279 1482 314 PROBLEMATA

407 391 617 454 aequales
648 396 854 448 100000,
879 400 927 439 ct
951 391 1111 439 media
1148 398 1422 439 sumeretur
1458 399 1562 440 tum
1593 387 1787 455 geomess

406 468 530 515 trica
563 474 669 516 tum
705 468 1012 515 arithmetica
1052 467 1181 514 inter
1217 474 1372 515 totam
1409 475 1460 515 et
1487 475 1650 530 partes
1683 469 1787 531 ejus

407 548 605 592 99999:
641 543 922 607 quantulam
954 542 1277 590 differentiam
1310 543 1548 591 haberent
1576 544 1704 591 inter
1736 559 1787 591 se

408 618 518 667 duae
532 618 627 666 illae
646 619 858 667 rationes
877 619 1174 681 geometrica
1188 625 1238 667 et
1253 618 1580 667 arithmetica!
1617 619 1789 682 Itaque

405 711 503 759 quo
527 695 687 743 minor
712 702 784 742 est
809 694 1083 742 differentia
1106 694 1234 742 inter
1252 702 1508 752 extremas,
1527 710 1585 742 eo
1609 695 1788 757 ubique

406 771 567 819 minor
601 778 673 818 est
711 769 985 817 differentia
1030 770 1158 818 inter
1195 770 1406 818 mediam
1442 771 1789 834 geometricam

407 853 458 894 et
481 846 852 894 arithmeticam.
917 845 1082 894 Quare
1107 846 1146 894 si
1174 846 1295 894 tales
1318 846 1490 894 mediae
1512 846 1692 910 ubique
1715 846 1791 894 in-

403 929 797 985 terponerentur‚
814 920 1087 969 differentia
1103 937 1269 969 earum
1288 922 1444 969 omnis
1464 929 1789 969 evanesceret.

405 997 494 1044 Est
533 997 596 1045 ad
630 996 960 1044 inventionem
993 997 1237 1044 rationum
1269 1013 1387 1060 quas
1425 997 1609 1044 habent
1643 997 1791 1045 recti-

406 1071 534 1120 linea
558 1072 621 1120 ad
645 1071 925 1130 curvilinea,
950 1072 1219 1135 propositio
1243 1072 1349 1120 haec
1374 1072 1642 1120 utilissima.

968 1395 1104 1442 CAP.
1143 1394 1231 1442 III.

705 1503 786 1552 De
809 1502 1179 1568 operationibus
1202 1502 1487 1568 algebricis.

407 1620 443 1652 1.
480 1604 845 1653 ALGEBms'rAE
866 1620 956 1668 pro
979 1604 1139 1661 rebuS‚
1156 1603 1207 1652 id
1231 1611 1305 1652 est
1327 1620 1417 1668 pro
1442 1601 1791 1667 magnitudini-

404 1678 511 1738 bus,
546 1680 710 1728 literas
748 1679 886 1743 quasi
923 1679 1108 1743 species
1148 1695 1312 1727 rerum
1348 1686 1632 1742 exponunt:
1669 1693 1791 1741 quas

406 1756 600 1815 addere,
626 1757 952 1813 substrahere,
985 1755 1323 1819 multiplicare,
1359 1762 1408 1803 et
1445 1754 1662 1803 dividere
1703 1753 1791 1801 do-

408 1848 574 1880 cemur
613 1832 706 1880 hoc
743 1831 906 1880 modo.
978 1831 1030 1879 Si
1078 1830 1264 1894 species
1302 1830 1532 1879 solitariae
1569 1835 1699 1887 sunt,
1735 1835 1792 1877 ut

406 1907 453 1955 A
481 1915 531 1955 et
562 1907 618 1965 B,
651 1907 898 1955 adduntur
936 1905 1294 1970 interponendo
1336 1906 1530 1969 signum
1562 1921 1618 1963 ψ,
1659 1903 1792 1968 quod

408 1982 651 2045 significat
679 1982 817 2047 plus,
889 1981 974 2030 Sin
1004 1982 1064 2029 ab
1090 1981 1134 2029 A
1159 1979 1513 2029 substrahenda
1548 1979 1611 2028 sit
1636 1979 1692 2038 B,
1716 1979 1791 2027 in-

405 2064 672 2120 terponunt
709 2058 901 2121 signum
924 2083 1006 2115 —‚
1042 2055 1173 2120 quod
1210 2056 1453 2119 significat
1483 2054 1654 2114 minus,
1690 2054 1791 2102 sive

406 2133 654 2181 mulctam.
723 2134 895 2196 Itaque
919 2131 1091 2190 A—B,
1116 2138 1190 2179 est
1224 2130 1275 2178 id
1299 2130 1429 2194 quod
1463 2136 1616 2178 restat
1655 2145 1792 2192 mag-

405 2207 642 2256 nitudinis
666 2207 713 2256 A
736 2216 991 2273 postquam
1016 2208 1077 2256 ab
1099 2207 1183 2255 illa
1205 2206 1370 2254 ablata
1395 2214 1469 2254 est
1493 2206 1550 2253 B.
1620 2204 1792 2253 Multi-

406 2283 604 2347 plicatio
645 2299 732 2347 per
770 2299 1043 2342 numerum,
1067 2290 1142 2331 est
1177 2281 1371 2345 quando
1403 2296 1634 2328 numerus
1666 2279 1791 2327 mul-

406 2359 633 2423 tiplicans
656 2359 957 2422 praefigitur:
993 2367 1052 2406 ut
1075 2358 1168 2417 2A‚
1185 2357 1277 2416 3A,
1297 2365 1392 2404 etc.
1442 2355 1791 2419 Multiplicatio

408 2435 452 2483 A
475 2450 563 2498 per
587 2450 653 2493 se,
689 2435 940 2498 perficitur
981 2433 1239 2483 scribendo
1263 2432 1354 2481 AA
1376 2431 1453 2480 vel
1476 2432 1569 2495 Aq.
1639 2430 1792 2478 Linea

407 2509 722 2573 multiplicari
762 2510 812 2557 in
844 2526 894 2558 se
924 2526 1024 2558 non
1046 2515 1222 2573 potest.
1291 2507 1453 2570 Atque
1475 2506 1556 2554 hic
1578 2505 1791 2569 primum

409 2585 666 2634 discedunt
702 2585 977 2648 algebristae
1013 2585 1157 2649 hujus
1192 2583 1343 2633 seculi
1373 2599 1402 2631 a
1424 2581 1706 2645 Diophanto
1741 2588 1792 2630 et

407 2661 670 2720 veteribus,
710 2660 800 2723 qui
852 2661 983 2709 intra
1030 2659 1387 2709 arithmeticam
1438 2673 1489 2705 se
1537 2657 1791 2706 continue-

408 2743 539 2785 runt.
609 2736 662 2784 Si
701 2735 1069 2799 multiplicanda
1097 2736 1163 2784 sit
1191 2735 1237 2784 A
1266 2734 1318 2782 in
1347 2733 1404 2792 B,
1440 2733 1661 2782 scribunt
1683 2732 1789 2781 AB.

409 2811 575 2860 Dividi
604 2811 649 2860 A
678 2827 765 2875 per
796 2811 836 2859 B
867 2811 1170 2876 intelligitur,
1214 2810 1256 2859 si
1295 2809 1537 2859 scribatur
1565 2806 1621 2869 1⁴7:
1658 2806 1791 2872 quod

404 2888 650 2953 significat
697 2887 1016 2951 quotientem.
1088 2887 1158 2936 Ut
1199 2886 1239 2935 si
1276 2885 1341 2935 sit
1377 2885 1421 2933 A
1456 2890 1530 2943 10,
1559 2891 1611 2933 et
1642 2884 1683 2932 B
1720 2890 1787 2932 2:
