1982 3204
397 259 495 303 220
803 271 1120 308 TRAc'rA'rUs
1150 272 1399 308 opi-mus,

139 395 251 422 mop-
275 397 331 423 w-
391 382 563 446 incipit
586 390 747 432 motus
770 400 799 432 a
832 385 871 432 B
897 401 1064 434 versus
1101 385 1155 444 C,
1181 401 1377 434 necesse
1402 393 1476 434 est
1498 394 1552 435 ut
1576 387 1778 451 incipiat

391 466 550 506 motus
573 475 603 507 a
627 459 666 507 C
690 476 855 508 versus
880 461 939 519 D,
966 469 1015 508 et
1038 478 1067 509 a
1091 461 1135 508 D
1155 477 1323 509 versus
1347 462 1403 521 E,
1429 470 1477 510 et
1495 463 1555 510 ab
1580 463 1619 510 E
1642 479 1777 526 pror-

388 549 510 582 sum.
549 534 714 583 Quare
739 535 779 583 si
798 543 1041 583 statuatur
1060 537 1229 584 oculus
1245 537 1293 584 in
1315 537 1530 599 qualibet
1546 538 1778 587 distantia

387 625 417 656 a
436 609 553 668 sole,
568 618 688 673 puta
706 611 755 658 in
772 611 811 658 E
832 630 842 657 t
886 627 981 674 quo
998 612 1209 660 instante
1228 613 1398 675 incipit
1421 613 1494 660 sol
1518 613 1710 661 dilitare
1725 629 1777 661 se

385 685 436 732 in
456 685 511 743 B,
522 685 694 733 eodem
709 686 910 734 ferietur
926 687 1094 735 oculus
1110 688 1222 735 inE.
1263 688 1406 736 Unde
1424 689 1778 752 propagabitur

384 768 547 808 motus
571 761 634 809 ad
653 763 877 819 retinam,
900 770 948 810 et
966 763 1080 810 inde
1100 779 1188 825 per
1213 772 1443 812 conatum
1468 765 1640 812 retinae
1663 780 1776 812 ner-

383 851 500 883 vum
518 836 768 899 opticum*
785 853 937 899 usque
970 838 1033 885 ad
1051 839 1328 886 cerebrum:
1355 847 1404 887 et
1423 839 1516 886 hoc
1530 837 1588 886 fit
1603 839 1776 887 eodem

384 911 615 968 instante,
639 927 736 975 quo
770 920 930 960 motus
964 912 1137 976 incipit
1167 914 1218 961 in
1239 914 1295 962 B.
1365 912 1613 962 Praeterea
1630 923 1706 962 est
1724 915 1775 963 in

385 986 602 1045 cerebro,
627 995 682 1035 ut
713 988 763 1035 in
797 987 986 1036 caeteris
1021 989 1247 1036 omnibus
1271 1006 1379 1053 quae
1403 991 1674 1053 patiuntur,
1697 1007 1775 1039 re·

383 1061 511 1109 actio
543 1077 644 1119 sua,
667 1061 799 1109 unde
835 1071 997 1110 motus
1021 1079 1050 1110 a
1077 1065 1276 1112 cerebro
1309 1075 1611 1129 propagatur
1640 1074 1773 1114 retro

381 1153 470 1199 per
493 1153 697 1185 nervum
732 1138 950 1201 opticum
984 1139 1034 1185 in
1070 1140 1293 1198 retinam,
1327 1141 1441 1188 inde
1466 1157 1553 1204 per
1576 1140 1772 1190 easdem

381 1213 534 1260 lineas
557 1228 724 1260 versus
749 1213 900 1260 solem
925 1213 1100 1277 quibus
1125 1223 1240 1263 ante
1264 1232 1293 1263 a
1328 1216 1429 1264 sole
1453 1233 1621 1264 versus
1654 1218 1771 1265 reti-

382 1302 511 1335 nam.
581 1289 745 1351 Atque
784 1289 942 1336 omnis
984 1289 1064 1337 hie
1101 1307 1358 1353 processus
1390 1294 1485 1340 erit
1517 1293 1692 1353 factus,
1715 1302 1772 1342 ut

376 1363 480 1425 jam
514 1363 953 1412 demonstravimus
990 1365 1097 1412 fieri
1121 1382 1150 1413 a
1174 1367 1275 1414 sole
1304 1368 1367 1415 ad
1392 1368 1602 1426 oculum,
1621 1369 1671 1416 in
1697 1369 1770 1416 in—

381 1448 559 1488 stante.
630 1440 949 1487 Manifestum
974 1456 1091 1503 ergo
1116 1451 1190 1490 est
1214 1443 1264 1490 in
1291 1444 1423 1491 omni
1447 1443 1633 1491 visione
1657 1460 1771 1507 pro-

380 1515 551 1578 pagari
576 1523 764 1563 motum
787 1531 816 1562 a
840 1515 1002 1563 lucido
1027 1514 1090 1563 ad
1114 1517 1310 1565 oculum
1340 1526 1389 1566 et
1412 1519 1476 1566 ad
1500 1519 1771 1579 cerebrum,

381 1597 430 1637 et
453 1590 567 1638 inde
601 1599 734 1638 retro
767 1590 830 1638 ad
860 1599 1023 1654 partes
1065 1598 1204 1640 extra
1231 1593 1413 1650 oculos,
1450 1594 1501 1641 in
1538 1593 1771 1643 instante.

380 1665 699 1713 Manifestum
730 1666 848 1714 item
873 1675 962 1724 est,
988 1675 1175 1714 motum
1200 1668 1283 1730 qui
1315 1669 1384 1716 sic
1415 1686 1444 1717 a
1475 1670 1638 1718 lucido
1662 1686 1773 1734 pro-

378 1749 601 1804 pagatur,
629 1741 914 1789 debiliorem
938 1757 1043 1790 esse
1067 1742 1213 1806 longe
1238 1759 1384 1807 quam
1408 1761 1575 1809 prope.
1646 1745 1771 1794 Cum

379 1817 510 1864 enim
535 1817 618 1865 BC
642 1817 703 1865 sit
729 1819 885 1881 major
917 1834 1063 1881 quam
1088 1818 1189 1877 CD,
1215 1827 1264 1867 et
1289 1819 1373 1868 CD
1398 1837 1544 1884 quam
1580 1821 1682 1878 DE,
1706 1822 1771 1869 sit

377 1899 543 1940 tamen
566 1900 759 1955 tempus
776 1893 1142 1956 propagationis
1165 1910 1195 1942 a
1219 1894 1260 1942 B
1286 1895 1350 1943 ad
1375 1896 1413 1943 C
1437 1896 1567 1943 idem
1591 1896 1722 1960 quod
1739 1914 1770 1945 a

379 1967 418 2015 C
442 1967 505 2015 ad
534 1967 594 2026 D,
614 1968 690 2015 vel
714 1984 744 2015 a
767 1968 811 2015 D
836 1968 900 2015 ad
931 1969 996 2015 E:
1032 1969 1247 2017 velocior
1283 1979 1359 2018 est
1395 1979 1555 2019 motus
1590 1987 1769 2034 propa-

375 2051 520 2106 gatus
544 2044 595 2091 in
620 2043 703 2091 BC
728 2059 872 2107 quam
896 2044 946 2091 in
972 2044 1072 2103 CD,
1092 2053 1142 2092 et
1164 2045 1215 2092 in
1241 2045 1325 2094 CD
1346 2062 1491 2109 quam
1515 2046 1565 2094 in
1590 2046 1692 2106 DE,
1718 2055 1768 2095 et

377 2119 445 2166 sic
471 2119 712 2182 deinceps.

443 2195 698 2243 Hactenus
721 2203 910 2243 motum
933 2211 963 2243 a
986 2195 1149 2244 lucido
1175 2197 1329 2260 qualis
1354 2197 1417 2245 sit
1442 2197 1767 2245 consideravi-

375 2285 511 2318 mus:
541 2271 645 2333 jam
677 2271 923 2334 quomodo
959 2271 1069 2319 talis
1103 2282 1283 2329 motus,
1309 2282 1360 2320 et
1384 2272 1597 2336 quando,
1622 2289 1767 2322 voca-

374 2352 456 2393 tur
473 2346 653 2405 lumen,
680 2346 1086 2394 considerandum
1106 2356 1196 2396 est.

442 2421 619 2478 Primo,
643 2421 683 2469 si
707 2422 841 2469 nulla
858 2430 985 2469 esset
1009 2423 1144 2480 visio,
1171 2423 1292 2470 nihil
1316 2433 1445 2471 esset
1467 2423 1598 2486 quod
1622 2439 1765 2472 voca-

371 2517 535 2560 remus
558 2501 751 2548 lnmen:
787 2517 901 2548 nam
926 2501 1043 2549 caeei
1067 2502 1171 2549 nati
1194 2502 1472 2565 loquentem
1497 2502 1557 2550 de
1582 2503 1764 2551 lumine

372 2585 424 2623 et
448 2576 690 2624 coloribus
714 2592 812 2624 non
837 2577 1131 2640 intelligunt.
1205 2577 1392 2625 Lumen
1418 2593 1535 2641 ergo
1565 2594 1665 2627 non
1690 2579 1764 2627 di-

372 2651 501 2698 citur
525 2658 686 2699 motus
717 2658 831 2699 ante
855 2650 1108 2709 visionem,
1133 2651 1226 2699 hoc
1258 2660 1334 2700 est
1369 2661 1632 2716 antequam
1655 2670 1761 2717 per-

371 2727 535 2774 veniat
575 2725 638 2774 ad
679 2727 948 2775 cerebrum.
1019 2726 1207 2775 Deinde
1249 2737 1435 2775 motum
1478 2728 1528 2776 in
1562 2729 1762 2777 cerebro

372 2801 506 2863 quod
522 2818 749 2850 vocamus
767 2802 947 2860 lumen,
968 2817 1066 2849 non
1085 2802 1319 2850 sentimus
1338 2804 1387 2850 in
1413 2804 1519 2867 ipso
1540 2804 1759 2863 cerebro,

1006 2927 1028 2950 *³
1052 2927 1127 2965 Sic.
