1982 3204
322 250 417 294 362
881 261 1148 295 Hrs‘romA

319 369 398 412 Pr.
433 367 658 411 Confiteor.
723 368 888 411 Verum
906 369 1010 425 quid
1031 371 1239 427 agemus?
1287 371 1515 428 Relliquiae
1536 380 1638 416 sunt

378 434 586 491 Antiquae
607 434 728 478 nobis
748 435 1028 492 insipidaeque
1053 436 1230 480 Scholae.

321 500 534 558 Tempore
554 517 737 557 namque
758 502 843 553 illo,
866 518 951 558 quo
972 509 1128 545 nostrae
1150 502 1300 547 Praeco
1320 504 1468 547 salutis

376 567 432 609 In
453 566 617 611 Graecis
638 569 791 625 sparsit
812 569 983 619 semina,
1005 568 1180 619 Paulus,
1203 570 1328 626 agris,
1626 574 1712 615 470

321 634 516 677 Maxima
535 641 627 678 erat
645 635 804 678 mundo
820 635 1021 678 falsorum
1042 635 1388 692 philosophorum

379 701 512 758 Copia
529 717 538 742 ε
571 701 775 757 nequitiae
795 701 1056 758 plemmyris¹
1079 702 1152 744 illa
1172 702 1269 745 fuit.

323 766 519 821 Quorum
539 782 626 810 non
647 782 803 824 paucos
823 767 1015 810 Ecclesia
1035 775 1181 811 sancta
1200 769 1370 812 vocavit

378 833 457 876 Ad
477 848 677 876 mensam.
740 832 889 877 Crevit
910 833 970 876 sic
989 834 1173 890 parasita
1193 834 1334 877 Fides.

321 899 504 943 Victum
525 915 790 943 communem
811 906 862 942 ut
883 900 1042 943 Christi
1062 901 1296 944 cultoribus
1317 917 1407 944 esse

381 966 526 1010 Sensit
547 982 675 1023 egens
694 966 863 1018 nebulo,
886 966 1056 1009 nomine
1076 967 1363 1024 philosophus,

319 1033 468 1076 Rebus
488 1033 533 1075 in
554 1033 738 1076 adversis
759 1048 1003 1076 succurrere
1024 1040 1068 1076 et
1088 1034 1284 1077 omnibus
1304 1050 1461 1086 omnes,

379 1099 446 1142 De
465 1114 595 1156 grege
617 1098 921 1143 Christicolum
942 1114 985 1142 se
1007 1099 1222 1143 simulavit
1242 1116 1375 1144 ovem.

321 1166 626 1222 Acceptusque
645 1165 744 1208 fuit.
806 1165 923 1219 Quid
943 1165 1021 1207 ni?
1082 1166 1188 1208 Fuit
1207 1167 1326 1210 utilis
1346 1168 1417 1211 ille

375 1232 546 1274 Militiae
568 1231 755 1275 Christi:
789 1232 878 1274 dux
899 1231 984 1274 fuit
1003 1239 1047 1275 et
1067 1232 1243 1288 sapiens.
1629 1237 1713 1277 480

318 1298 520 1354 Namque
540 1304 681 1341 orator
701 1304 804 1349 erat,
826 1298 1062 1354 doctusque
1082 1298 1290 1342 abducere
1310 1301 1364 1343 ab
1387 1300 1521 1351 hoste,

382 1364 429 1409 Si
449 1365 519 1408 cui
539 1364 650 1407 forte
670 1364 798 1408 duces
812 1380 898 1407 non
919 1365 1115 1421 placuere
1136 1365 1212 1408 sui.

321 1431 443 1474 Idem
464 1431 615 1474 doctus
635 1438 727 1474 erat
746 1431 843 1474 duri
862 1431 1052 1474 vibrator
1071 1432 1248 1483 elenchi,

376 1498 438 1540 Et
457 1497 656 1540 dilemma
675 1512 829 1554 anceps
849 1498 975 1541 torsit
993 1504 1176 1554 utraque
1195 1514 1337 1542 manu.

315 1564 497 1607 Eminus
513 1579 536 1607 e
556 1564 757 1607 cathedra
776 1565 872 1607 telis
893 1580 1085 1621 pugnare
1105 1565 1282 1621 peritus,

374 1630 581 1675 Cominus
600 1637 644 1674 et
663 1631 795 1674 furcis
815 1631 986 1674 vincere
1006 1631 1158 1674 doctus
1179 1638 1281 1674 erat.

317 1697 401 1740 His
421 1697 555 1754 igitur
574 1697 721 1740 multis
741 1713 818 1740 usa
837 1704 902 1740 est
922 1697 1116 1740 Ecclesia
1138 1696 1300 1741 Christi
1317 1715 1327 1740 ε

374 1763 490 1806 Nam
510 1763 625 1806 docti
645 1763 781 1806 multo
802 1770 905 1806 sunt
925 1763 970 1806 in
990 1763 1148 1807 honore
1168 1764 1302 1807 bonis.

316 1830 379 1873 Et
398 1830 584 1873 curanda
604 1829 693 1872 sere
713 1830 943 1873 traduntur
963 1830 1091 1874 ovilia
1110 1846 1264 1888 magna

376 1896 458 1939 His
479 1896 591 1947 solis,
613 1903 780 1939 sanctas
800 1897 846 1938 hi
867 1897 1136 1954 synodosque
1156 1904 1324 1954 regunt.
1625 1900 1711 1940 490

316 1962 433 2005 Nam
452 1962 553 2005 licet
572 1962 616 2004 in
639 1963 812 2019 synodis
832 1970 986 2019 patres,
1005 1963 1225 2019 sanctique
1246 1964 1404 2021 piique,

375 2028 528 2084 Atque
548 2030 681 2085 proba
699 2029 791 2071 noti
811 2029 1083 2086 simplicitate
1104 2029 1197 2080 viri,

316 2094 597 2151 Philosophos
618 2109 795 2138 numero
815 2102 1064 2152 superarent
1082 2112 1091 2137 ε
1125 2102 1314 2139 attamen
1334 2095 1428 2139 illos

373 2161 560 2204 Vincere
582 2160 793 2218 suffragiis
805 2177 891 2204 non
911 2169 1088 2219 potuere
1109 2162 1209 2205 suis.

315 2227 545 2270 Attonitus
564 2226 705 2270 verbis
724 2228 959 2284 peregrinis
979 2228 1337 2285 philosophorum,

376 2294 458 2336 Vir
477 2293 659 2349 simplex
678 2300 827 2337 contra
841 2294 981 2338 dicere
1003 2310 1090 2337 non
1110 2295 1263 2351 potuit.

317 2359 479 2404 Christi
499 2374 600 2402 vera
619 2358 762 2410 Fides,
785 2361 955 2403 essentia
977 2361 1082 2416 quid
1103 2360 1158 2403 sit
1178 2361 1231 2403 ab
1251 2367 1337 2403 ente

372 2426 608 2469 Abstracta
627 2425 841 2481 ignoranS,
863 2426 1162 2484 obstupefacta
1181 2433 1308 2469 tacet.

315 2491 419 2536 Non
438 2492 499 2534 ita
518 2491 758 2548 philosophi
778 2499 919 2548 patres
937 2509 947 2535 ε
980 2493 1053 2536 sed
1075 2493 1256 2548 quisque
1276 2493 1468 2551 magistri

374 2558 590 2615 Dogmata
609 2564 787 2600 conatur
805 2558 980 2602 reddere
1001 2574 1101 2602 vera
1120 2558 1216 2601 sui².
1624 2561 1709 2602 500

318 2624 537 2668 Scinditur
556 2623 601 2666 in
621 2630 763 2680 partes
785 2624 1000 2668 Ecclesia:
1034 2625 1128 2668 risit
1148 2632 1194 2668 at
1207 2625 1353 2676 hostis,

373 2690 668 2748 Elanguitque
682 2690 828 2746 jacens
849 2691 1070 2735 debilitata
1090 2691 1231 2735 Fides.

365 2823 372 2842 ¹
400 2826 623 2871 [πλημμυρὶς,
637 2824 743 2859 maris
766 2830 910 2859 oestuans
933 2837 989 2860 ac·
1058 2824 1415 2872 2[VideL1-:v1.n·mx
1426 2825 1706 2872 Iatine‚p.541.]

318 2892 435 2916 cessus.
483 2879 574 2915 Vide
599 2879 869 2924 Gnossamum]
