1982 3204
578 323 832 359 causum
859 322 1077 357 almvm.
1457 314 1520 366 87

136 450 210 482 rae
231 450 296 482 ea:
308 433 586 500 parallelis
609 436 760 483 rectis
785 434 1035 500 plani-we,
1060 434 1317 482 secundum
1339 435 1518 483 seriem

136 509 376 572 infinitam
412 510 475 558 ab
506 517 538 559 0
571 511 862 567 inchoatam,
898 509 1188 565 constantis,
1230 509 1520 574 magnitudo

135 591 214 632 eet
235 585 308 633 ad
328 586 711 650 magnitudinem
737 583 1226 649 parallelogrammi,
1261 584 1343 631 vel
1369 575 1521 634 solidi

127 659 423 724 prismatici
452 676 604 726 super
638 659 826 725 aequali
856 658 974 706 base
997 675 1132 723 aeque
1162 658 1271 719 alti,
1297 666 1351 706 at
1379 677 1522 708 anum

135 735 210 783 ad
229 734 438 783 indicem
461 735 616 783 seriei
639 735 829 782 unitate
845 739 1066 781 auctum:
1090 740 1139 780 et
1161 742 1378 782 centrum
1398 751 1520 799 gra-

134 809 308 858 vitatis
332 811 383 859 in
406 826 467 858 ea
489 816 565 857 est
587 810 829 857 distantia
855 825 887 857 a
918 809 1114 868 vertice,
1140 826 1246 873 quae
1281 826 1420 857 axem
1447 810 1521 857 ita

134 885 331 944 dividit,
355 892 410 933 nt
421 901 555 950 pars
573 885 646 934 ad
660 884 826 933 basem
843 885 911 932 sit
929 885 1003 933 ad
1013 891 1220 950 partem
1245 901 1347 948 quoe
1363 891 1438 932 est
1455 885 1530 936 mi

133 961 374 1020 verticem,
392 967 446 1008 ut
461 977 603 1008 unum
619 960 692 1008 ad
711 960 918 1008 indicem
932 960 1088 1008 seriei
1107 961 1298 1008 unitate
1311 966 1517 1008 auctum.

198 1036 678 1095 Demonstraveram,
722 1052 829 1100 cap.
862 1036 981 1084 xxiii
1012 1036 1123 1084 libri
1153 1037 1251 1084 mei
1285 1051 1357 1084 nn
1392 1051 1521 1085 coa-

133 1125 296 1171 Pont,
315 1111 607 1160 diametrum
625 1112 882 1176 aequilibrii
900 1114 1168 1175 figurarum
1186 1112 1519 1160 deficientium

131 1186 203 1235 ita
214 1186 431 1235 dividere
449 1203 606 1242 axem.
623 1197 680 1235 ut
697 1204 810 1251 pars
834 1188 897 1236 ad
918 1188 1148 1236 verticem
1166 1188 1230 1236 sit
1247 1188 1310 1236 ad
1328 1198 1519 1252 partem

131 1261 383 1326 reliquam,
407 1271 465 1310 ut
487 1263 996 1326 parallelogrammum
1020 1263 1085 1311 ad
1112 1264 1280 1327 figurae
1304 1264 1520 1327 comple-

130 1346 367 1386 mentum.
414 1338 594 1386 Omnia
613 1339 822 1402 denique
841 1355 947 1403 quoe
965 1339 1046 1387 ille
1068 1339 1160 1387 hac
1183 1340 1518 1403 propositione

1608 460 1721 486 Pos'r-

1564 513 1777 540 semermi.

1571 561 1760 582 »Ὑ-α

130 1412 236 1475 qius
258 1413 429 1476 quinta
453 1413 813 1463 demonstrasse
832 1430 883 1463 se
901 1415 1115 1478 jactitat,
1135 1417 1441 1479 conjeceram
1465 1415 1517 1464 in
1559 1417 1566 1422 ‘

130 1487 322 1536 tabulas
344 1489 520 1552 capitis
543 1489 655 1538 libri
677 1490 774 1538 mei
795 1490 997 1538 decimae
1021 1491 1287 1554 septimae*.
1341 1492 1393 1540 Si
1417 1508 1517 1540 non

132 1562 318 1620 credas,
340 1564 492 1612 habes
515 1563 692 1612 librum
717 1565 892 1628 ipsum,
917 1565 1054 1612 illum
1077 1565 1174 1614 adi.
1223 1566 1373 1615 Vides
1398 1583 1516 1630 ergo

132 1652 231 1700 qua
261 1645 367 1686 arte
401 1638 482 1687 ille
510 1639 617 1688 haec
651 1656 760 1688 mea
787 1640 988 1688 mutatis
1012 1641 1174 1689 verbis
1197 1641 1261 1689 ad
1284 1657 1334 1690 se
1358 1649 1518 1690 trans-

130 1712 260 1761 ferre
282 1721 487 1762 conatus
511 1723 602 1774 est,
626 1715 773 1764 homo
797 1716 1052 1779 imperitus
1076 1725 1126 1764 et
1149 1733 1317 1765 vanus.

196 1788 546 1838 Demonstrare
584 1790 869 1854 aggreditur
907 1791 1158 1855 parabolae
1195 1792 1518 1856 complemen-

130 1870 238 1912 tum
261 1864 326 1912 ad
347 1865 856 1929 parallelogrammum
881 1881 1022 1914 suum
1057 1882 1161 1915 esse
1193 1873 1247 1915 ut
1276 1884 1421 1915 unum
1449 1868 1523 1916 ad

129 1938 340 1988 indicem
362 1941 513 1988 seriei
533 1941 921 1989 secundanorum
944 1958 1038 1989 uno
1062 1948 1274 2000 auctum,
1291 1942 1343 1990 id
1367 1951 1441 1992 est
1463 1951 1520 1992 ut

135 2019 157 2063 1
186 2014 252 2063 ad
274 2021 328 2063 3:
352 2016 468 2079 quia
489 2017 737 2079 parabolae
751 2017 1178 2080 complementum,
1193 2026 1248 2066 ut
1264 2018 1346 2066 ille
1361 2027 1518 2082 putat,

131 2098 327 2139 constat
350 2107 411 2139 ex
434 2091 637 2140 infinitis
660 2107 864 2140 numero
889 2092 1290 2142 subsecundaniS.
1360 2093 1519 2142 Detur

130 2164 203 2214 ita
224 2180 344 2223 esse,
371 2166 422 2214 id
445 2173 566 2215 esta
582 2167 698 2215 base
717 2174 965 2215 crescente
986 2177 1227 2232 perpetuo
1251 2177 1306 2217 ut
1328 2169 1518 2217 numeri

131 2240 420 2304 quadratici‚
453 2244 591 2306 cujus
620 2242 768 2291 index
798 2251 871 2291 est
896 2249 949 2291 2:
985 2244 1118 2307 quod
1151 2253 1316 2293 tamen
1347 2261 1518 2293 verum

131 2330 234 2364 non
254 2325 344 2366 est.
397 2317 512 2366 Non
530 2318 682 2382 igitur
700 2318 1034 2367 dissentimus:
1055 2336 1171 2368 nam
1193 2336 1286 2385 ego
1309 2322 1519 2384 figuram

132 2389 441 2440 deficientem
464 2408 495 2440 a
515 2392 971 2457 parallelogrammo
994 2410 1083 2443 suo
1107 2395 1171 2443 ad
1189 2397 1518 2459 complemen-

132 2473 240 2515 tum
260 2483 367 2516 esse
391 2468 739 2528 demonstravi,
763 2478 819 2517 ut
843 2470 969 2518 ratio
993 2486 1091 2534 qua
1112 2479 1351 2535 perpetuo
1376 2471 1518 2519 dimi-

132 2542 303 2591 nuitur
323 2544 445 2603 axis,
468 2544 534 2593 ad
566 2545 806 2593 rationem
834 2561 931 2609 qua
960 2555 1198 2610 perpetuo
1232 2546 1520 2595 diminuitur

133 2616 285 2666 basis:
318 2617 370 2667 id
404 2627 480 2668 est
512 2620 565 2668 in
599 2620 847 2684 triangulo
881 2629 940 2669 ut
973 2627 990 2669 l
1022 2620 1085 2669 ad
1116 2627 1164 2677 l;
1199 2620 1250 2669 in
1284 2621 1519 2685 parabola

134 2699 315 2751 autem,
336 2694 422 2742 nbi
447 2696 580 2743 ratio
613 2696 759 2744 unius
783 2696 1031 2760 duplicata
1057 2705 1132 2744 est
1162 2697 1377 2755 alterius,
1403 2705 1458 2744 ut
1486 2703 1516 2744 2

136 2765 201 2814 ad
229 2772 248 2815 l
270 2786 283 2814 ε
318 2769 447 2818 unde
469 2772 702 2834 parabola
732 2772 796 2819 ad
812 2771 1320 2835 parallelogrammum
1345 2772 1439 2819 erit
1463 2779 1518 2818 ut

136 2848 167 2891 2
186 2842 250 2890 ad
270 2849 328 2891 3:
353 2853 403 2893 et
415 2848 826 2911 complementum
854 2847 917 2895 ad
934 2848 1438 2911 parallelogrammum
1466 2854 1518 2893 ut

641 2996 662 3017 ⁸
698 2995 762 3034 Sic
781 2995 872 3034 edit.
893 2995 1005 3034 1671.
