1982 3204
414 260 510 303 286
966 274 1261 309 EPISTOLAE.

146 381 315 446 H‘'b¹‘f³⁵³¹¹³
334 387 372 415 ad
411 382 719 431 dextrorsum
737 400 836 432 uno
852 384 1025 448 gradu,
1046 386 1274 435 deorsum
1293 388 1499 446 duobus,
1518 400 1618 436 non
1636 395 1802 437 tamen

147 425 228 454 Mvrs
230 437 348 459 ιιιιιιιιι

161 472 352 495 *—=-—³
407 459 661 520 perveniet
692 459 756 507 ad
788 460 831 507 G
864 461 1021 508 tribus
1051 462 1301 524 gradibus,
1337 470 1394 511 ut
1433 463 1514 511 ille
1551 465 1799 527 supponit.

409 533 750 597 Supponamus
775 536 905 583 enim
925 536 1044 584 duas
1069 546 1229 586 rectas
1253 539 1542 587 constitutas
1561 539 1625 587 ad
1647 555 1802 603 angu-

405 607 507 656 lum
553 618 743 658 rectum
790 611 895 669 AB,
939 611 1047 659 AC:

407 683 569 747 sitque
619 686 851 733 velocitas
907 687 968 734 ab
1016 688 1059 734 A
1096 678 1111 695 F

406 775 575 808 versus
609 761 647 807 B
684 761 735 808 in
771 761 959 809 ratione
998 762 1062 810 ad

404 835 718 884 velocitatem
742 838 804 884 ab
829 838 873 885 A
893 854 1062 886 versus

405 910 461 969 C,
485 927 630 974 quam
666 912 815 959 habet
842 913 947 976 ipsa
969 914 1057 961 AB
1094 917 1111 935 ¹³

402 985 469 1033 ad
503 986 658 1049 ipsam
687 987 800 1034 AC:
838 988 915 1036 hae
950 988 1060 1036 duae

403 1061 688 1110 velocitates
757 1073 1060 1127 componunt

402 1137 712 1186 velocitatem
736 1155 846 1202 quae
869 1149 942 1187 est
965 1157 995 1187 a
1021 1141 1059 1187 B

403 1229 568 1261 versus
593 1214 647 1262 C.
717 1215 841 1263 Dico
868 1216 1176 1264 velocitatem
1209 1231 1239 1263 a
1267 1215 1307 1263 B
1332 1231 1501 1264 versus
1527 1215 1566 1263 C
1594 1231 1700 1264 esse
1731 1214 1796 1263 ad

399 1288 711 1338 velocitatem
740 1291 800 1338 ab
826 1291 872 1339 A
894 1307 1063 1340 versus
1097 1291 1154 1350 C,
1179 1290 1257 1338 vel
1294 1291 1354 1338 ab
1379 1291 1424 1338 A
1447 1306 1614 1338 versus
1651 1290 1708 1349 B,
1739 1299 1796 1339 ut

1203 647 1755 766 [Ti—fi
1772 679 1787 698 ²

1124 719 1782 976 ζρῳζ-,ᾉΙς

1246 944 1265 962 D

397 1373 535 1412 recta
570 1365 654 1412 BC
699 1365 764 1414 ad
799 1374 987 1414 rectam
1023 1366 1109 1414 AC
1132 1366 1210 1414 vel
1237 1366 1342 1414 AB.
1414 1367 1638 1414 Ducatur
1663 1366 1725 1414 ab
1749 1367 1796 1414 A
1854 1401 1868 1416 .

395 1448 534 1487 recta
564 1441 655 1488 AD
692 1442 1110 1505 perpendicularis
1144 1441 1209 1490 ad
1245 1442 1343 1499 BC,
1377 1448 1426 1489 et
1459 1457 1549 1505 per
1579 1442 1624 1489 A
1658 1450 1796 1490 recta

398 1514 523 1562 FAE
543 1516 703 1564 eidem
731 1517 814 1565 BC
831 1517 1087 1580 parallela:
1112 1517 1232 1566 item
1257 1517 1354 1576 BF,
1376 1517 1456 1565 ΟΕ
1474 1517 1794 1581 perpendicu-

396 1589 523 1639 lares
555 1592 619 1639 ad
653 1594 748 1640 FE.
819 1593 1066 1642 Quoniam
1102 1594 1254 1657 igitur
1285 1601 1451 1641 motus
1484 1593 1546 1640 ab
1576 1593 1623 1640 A
1653 1592 1715 1641 ad
1751 1593 1793 1642 B

394 1669 706 1730 componitur
724 1685 783 1717 ex
802 1669 1016 1717 motibus
1036 1670 1097 1717 ab
1113 1670 1150 1716 F
1165 1669 1228 1717 ad
1243 1669 1319 1716 A*
1336 1675 1386 1716 et
1404 1669 1466 1717 ab
1486 1669 1525 1716 F
1541 1668 1605 1716 ad
1621 1668 1678 1726 B,
1690 1684 1790 1716 non

393 1744 676 1792 contribuet
700 1753 862 1793 motus
881 1745 1181 1808 compositus
1201 1745 1289 1792 AB
1310 1744 1420 1808 plus
1445 1743 1710 1792 celeritatis
1727 1743 1791 1792 ad

395 1825 583 1866 motum
615 1836 645 1867 a
681 1820 721 1868 B
757 1837 924 1868 versus
954 1820 1009 1879 C,
1049 1837 1197 1884 quam
1236 1826 1443 1884 possunt
1479 1819 1790 1868 contribuere

391 1902 745 1957 componentes
770 1896 867 1954 FA,
890 1896 987 1943 FB.
1047 1896 1146 1944 Sed
1170 1904 1332 1944 motus
1355 1895 1436 1943 FB
1460 1894 1585 1943 nihil
1609 1895 1788 1943 contri-

393 1968 501 2016 buit
525 1970 683 2018 motui
707 1987 736 2018 a
760 1971 800 2018 B
824 1986 990 2019 versus
1015 1971 1085 2019 C:
1118 1979 1278 2019 motus
1303 1970 1434 2019 enim
1456 1969 1538 2017 ille
1562 1969 1787 2018 determi-

390 2051 542 2091 natur
571 2044 813 2103 deorsum,
838 2062 929 2094 nec
964 2046 1165 2094 omnino
1200 2046 1361 2094 tendit
1394 2062 1426 2094 a
1460 2045 1501 2092 B
1536 2061 1705 2094 versus
1729 2045 1783 2094 C.

390 2119 536 2167 Solus
564 2121 714 2182 igitur
744 2128 906 2169 motus
931 2122 1014 2169 FA
1046 2122 1132 2170 dat
1154 2129 1344 2170 motum
1378 2137 1409 2168 a
1445 2120 1486 2168 B
1519 2135 1688 2169 versus
1726 2121 1784 2169 C.

393 2196 628 2244 Similiter
650 2198 888 2261 probatur
911 2197 998 2245 AC
1023 2197 1140 2246 dare
1165 2205 1354 2245 motum
1373 2212 1403 2243 a
1426 2196 1470 2244 D
1490 2211 1658 2243 versus
1676 2196 1716 2244 C
1733 2196 1784 2244 in

388 2272 573 2320 virtute
588 2273 736 2321 solius
755 2274 857 2321 AE.
895 2273 991 2321 Sed
1009 2273 1233 2320 celeritas
1249 2287 1395 2335 quam
1411 2270 1678 2335 participat
1695 2271 1783 2320 AB

386 2348 451 2395 ab
475 2349 573 2406 FA,
592 2355 641 2396 et
664 2365 761 2411 qua
775 2355 1007 2412 operatur
1022 2365 1052 2395 a
1067 2349 1107 2396 B
1126 2363 1294 2396 versus
1315 2346 1371 2405 C,
1387 2355 1462 2394 est
1481 2345 1544 2394 ad
1560 2346 1783 2395 celerita-

387 2431 490 2471 tem
513 2431 669 2472 totam
692 2424 780 2471 AB
805 2424 856 2471 in
880 2423 1200 2487 proportione
1224 2423 1325 2481 FA,
1348 2422 1427 2470 vel
1452 2422 1555 2481 BD,
1584 2422 1648 2470 ad
1675 2423 1781 2472 AB.

387 2499 531 2557 Item,
547 2500 769 2547 celeritas
785 2515 933 2563 quam
956 2498 1106 2547 habet
1124 2498 1210 2546 AC
1225 2499 1408 2546 virtute
1426 2497 1512 2545 ΑΕ
1535 2505 1609 2545 est
1627 2498 1691 2546 ad
1705 2514 1781 2547 ce-

385 2575 630 2623 leritatem
654 2583 810 2624 totam
833 2575 935 2633 AC,
960 2582 1015 2623 ut
1038 2574 1142 2633 ΑΕ,
1167 2574 1246 2622 vel
1269 2573 1373 2630 DC,
1397 2572 1461 2620 ad
1479 2573 1579 2621 AC.
1652 2573 1780 2622 Sunt

381 2667 504 2715 ergo
527 2651 685 2699 ambae
708 2650 983 2699 celeritates
1003 2651 1203 2713 junctae,
1222 2649 1400 2713 quibus
1422 2650 1479 2697 fit
1502 2656 1666 2698 motus
1688 2666 1720 2698 a
1737 2649 1778 2698 B

381 2742 553 2775 versus
570 2727 628 2786 C,
647 2727 711 2775 ad
728 2726 1029 2775 celeritatem
1048 2725 1333 2789 simpliciter
1355 2732 1600 2788 sumptam
1614 2725 1666 2772 in
1676 2725 1777 2783 Ac,

382 2802 461 2850 vel
477 2802 528 2850 in
547 2802 650 2861 AB,
668 2809 724 2851 ut
738 2809 845 2851 tota
861 2801 943 2849 BC
960 2801 1024 2849 ad
1038 2801 1125 2849 AC
1144 2800 1220 2848 vel
1237 2800 1343 2848 AB.
1398 2800 1564 2849 Quare
1582 2808 1777 2864 sumpta

999 2978 1021 3002 ⁴*
1054 2978 1132 3018 Sic.
