1982 3204
536 305 647 341 Lux
675 306 1095 342 ΜΑΤΗΕΜΑΤῙΟΑ.
1415 302 1504 344 113

127 413 369 479 principia
390 416 472 465 illa
495 418 751 466 manifesta
774 434 882 481 quae
906 417 1204 481 Proefationi
1235 422 1503 470 necessario
1529 439 1789 468 com-novan-

129 489 389 553 subjuncta
413 501 540 549 sunt,
559 493 922 550 intellexissent,
942 492 1165 540 doctrina
1183 494 1283 541 haec
1302 494 1506 544 Wallisii
1591 495 1654 521 ⁵¹⁶
1675 494 1728 519 W·
1745 538 1755 549 ,

130 563 191 612 de
215 566 432 615 radicum
468 569 788 616 numeralium
825 577 876 616 et
916 568 1120 616 laterum
1159 569 1509 631 quadratorum

128 638 384 689 identitate
409 659 673 707 nunquam,
698 651 835 706 puto,
861 643 1109 706 publicata
1126 651 1267 691 esset.

197 716 453 781 Descripto
477 720 605 766 enirn
629 718 865 782 quadrato
894 719 996 781 (fig.
1042 719 1108 778 l),
1134 727 1184 766 et
1217 719 1369 767 diviso
1390 735 1512 768 uno-

130 790 346 854 quolibet
382 793 532 840 latere
570 794 620 841 in
652 798 708 842 10
731 802 895 856 partes
929 794 1156 857 aequales,
1190 809 1395 857 quarum
1433 795 1511 854 ab,

130 865 206 914 vel
241 883 316 925 ac,
340 868 403 916 sit
435 884 563 916 una:
600 876 650 916 et
673 868 964 932 quadratum
1002 870 1105 932 ejus
1142 869 1215 917 ad
1250 871 1516 921 centesima

129 956 242 1004 pars
266 942 490 1006 quadrati
515 943 678 991 totius.
750 943 996 991 Wallisius
1030 944 1252 1002 affirmat,
1279 945 1319 991 si
1353 945 1516 992 multi-

129 1016 369 1079 plicentur
400 1023 455 1066 10
480 1017 571 1065 illoe
596 1018 737 1066 lineae
760 1017 823 1065 ab
854 1019 905 1065 iu
940 1034 1006 1077 se,
1042 1018 1226 1066 factum
1264 1019 1364 1067 sive
1401 1036 1514 1082 pro-

129 1090 329 1139 ductum
359 1091 464 1140 fore
497 1098 586 1141 100
610 1092 861 1157 quadrata,
887 1109 1093 1156 quorum
1130 1094 1203 1142 ad
1235 1102 1309 1142 est
1345 1111 1512 1143 uuum.

131 1166 407 1215 Hobbesius
448 1176 621 1216 contra
657 1168 791 1225 dicit,
829 1168 1120 1231 productum
1158 1168 1263 1217 fore
1300 1178 1515 1217 tantum-

128 1241 275 1291 modo
298 1243 485 1291 centies
509 1242 586 1290 ab.
655 1243 903 1292 Wallisius
927 1244 1057 1292 enim
1092 1244 1514 1308 multiplicandum

128 1323 271 1381 putat
294 1333 390 1364 non
417 1318 563 1366 modo
596 1323 654 1367 10
674 1318 722 1366 in
749 1325 822 1377 lo,
859 1319 944 1367 sed
968 1320 1115 1367 etiam
1152 1319 1331 1368 lineam
1363 1320 1427 1368 ab
1464 1321 1514 1368 in

126 1392 304 1441 lineam
328 1409 421 1441 ac:
458 1409 615 1458 neque
641 1402 803 1442 tamen
830 1410 981 1458 quare
1018 1396 1089 1443 ita
1121 1395 1397 1444 faciendum
1434 1398 1513 1453 sit,
1564 1418 1566 1420 ’

127 1483 323 1516 oausam
368 1468 516 1516 ullam
562 1469 792 1533 assignat.
888 1470 1165 1519 Hobbesius
1211 1487 1327 1520 vero
1375 1472 1511 1531 dicit,

126 1543 300 1607 primo,
323 1543 501 1592 lineam
529 1561 616 1608 per
654 1545 830 1593 lineam
868 1546 1180 1610 multiplicari
1218 1563 1316 1595 non
1356 1564 1512 1611 posse,

127 1634 220 1667 nec
254 1635 342 1682 per
365 1619 508 1667 aliam
541 1636 644 1668 rem
669 1637 1007 1684 quamcunque
1029 1630 1209 1685 praeter
1239 1639 1511 1671 numerum.

129 1694 372 1754 Secundo,
396 1711 457 1744 ne
496 1713 638 1744 unum
664 1696 862 1760 quidem
898 1713 986 1760 per
1020 1715 1162 1746 unum
1198 1699 1512 1762 multiplicari

126 1786 299 1834 posse:
333 1779 593 1835 propterea
632 1772 763 1836 quod
800 1772 1032 1836 quicquid
1068 1773 1420 1838 multiplicatur
1456 1775 1512 1823 fit

125 1844 280 1909 plura,
306 1846 391 1894 sed
415 1863 554 1894 unum
577 1863 664 1911 per
686 1864 826 1895 unum
843 1864 941 1895 nou
963 1848 1082 1896 facit
1103 1849 1246 1912 plura
1267 1866 1377 1897 una.

194 1920 451 1979 Praeterea,
477 1922 615 1970 radix
634 1923 822 1970 numeri
847 1923 1072 1986 quadrati
1091 1932 1163 1972 est
1188 1925 1412 1988 quadrati
1438 1926 1511 1973 sui

125 2013 265 2062 pars:
299 1998 426 2047 latus
454 2008 635 2059 autem,
661 2016 748 2063 per
769 2000 1059 2060 Wallisium,
1092 2018 1193 2049 non
1231 2010 1306 2050 est
1341 2003 1511 2066 figurae

127 2073 394 2137 quadratae,
427 2075 503 2123 vel
528 2075 800 2139 superficiei
823 2077 1154 2140 cujuscunque
1178 2093 1289 2140 pars
1310 2098 1322 2133 ;
1358 2093 1448 2125 nec
1471 2078 1512 2125 si

128 2157 271 2208 esset,
295 2151 634 2214 rectangulum
658 2161 803 2209 esset,
824 2151 909 2200 sed
926 2152 1208 2216 trapezium.

193 2225 375 2284 Tertio,
390 2227 582 2274 numeri
597 2227 906 2290 multiplicati
925 2235 1192 2275 numeratae
1210 2227 1281 2274 rei
1300 2228 1511 2291 speciem

127 2315 227 2348 non
259 2309 467 2361 mutant,
491 2310 547 2350 ut
572 2302 885 2366 Oughtredus
917 2310 1049 2351 recte
1089 2303 1210 2351 dicit
1237 2304 1369 2365 (cum
1405 2303 1510 2350 aliis

128 2374 338 2439 algebrae
383 2377 670 2426 authoribus
720 2379 963 2440 omnibus)
1014 2379 1218 2427 Wallisii
1264 2379 1509 2442 magister.

130 2450 257 2499 Sunt
308 2459 471 2500 autem
518 2452 658 2501 lineae
704 2461 754 2502 et
799 2453 1039 2518 quadrata
1085 2454 1288 2502 diversae
1333 2455 1509 2517 speciei

129 2525 440 2589 quantitates.

197 2601 403 2662 Quarto,
428 2619 539 2651 oum
563 2603 711 2651 totius
735 2604 958 2667 quadrati
989 2604 1116 2652 latus
1149 2603 1213 2651 sit
1251 2603 1433 2662 decem,
1458 2603 1508 2651 in

130 2691 226 2739 quo
249 2676 377 2725 linea
398 2677 462 2725 ab
485 2687 560 2726 est
595 2678 778 2737 unita-3,
803 2687 854 2727 et
891 2680 990 2727 sint
1025 2679 1188 2726 decem
1226 2678 1355 2726 idem
1378 2678 1509 2742 quod

131 2751 300 2800 decem
322 2753 548 2813 unitates,
572 2754 881 2818 multiplicati
905 2755 1070 2803 decem
1091 2770 1179 2817 per
1203 2753 1368 2802 decem
1394 2752 1508 2800 toti-

132 2825 241 2874 dem
265 2826 448 2876 facient
461 2828 592 2892 quod
610 2828 777 2877 decem
793 2830 1005 2878 unitates
1023 2829 1073 2876 in
1095 2828 1261 2876 decem
1276 2829 1505 2876 unitates,

265 2924 388 2958 VOL.
417 2925 467 2958 V.
1354 2925 1372 2957 1
