1982 3204
380 261 476 304 222
778 274 1095 309 TRAcTATus
1123 273 1371 308 OPTICUS.

135 393 244 421 mov.
267 396 325 423 ιιι.
379 380 496 428 dum
512 381 616 441 ΑΒ,
641 398 671 431 a
695 398 790 447 quo
813 393 949 433 moto
974 385 1035 433 ad
1057 384 1145 432 CD
1169 400 1283 447 pars
1309 383 1453 432 medii
1480 399 1589 446 quae
1611 383 1765 430 inter-

373 457 508 518 jacet
543 458 673 506 inter
695 459 784 507 AB
820 469 869 508 et
894 460 996 519 OD,
1030 459 1348 523 protrudatur
1373 459 1437 507 ad
1469 464 1485 482 Α
1585 461 1602 480 ⁸

377 532 479 579 EF:
505 540 555 580 et
572 549 602 580 a
624 542 763 597 parte
788 535 937 583 medii
956 552 1066 598 quae
1085 543 1190 583 erat
1205 535 1333 583 inter
1349 534 1435 583 CD
1469 547 1484 565 ⁰

377 616 428 655 et
446 608 539 666 EF,
559 618 787 671 promota
808 611 1012 659 ulterius
1031 611 1094 658 ad
1117 611 1227 667 GH,
1246 610 1436 674 propel-
1465 629 1482 648 ε
1586 628 1602 646 ¹⁷

379 682 508 730 latur
522 699 634 746 pars
658 685 741 732 illa
758 702 868 748 quae
887 695 993 734 erat
1016 688 1144 734 inter
1158 687 1238 734 EF
1256 694 1305 734 et
1323 687 1434 745 GH,
1465 712 1483 730 ο
1502 633 1553 738 Γ

375 758 579 806 ulterius
615 760 679 807 ad
719 761 807 819 IK,
865 770 914 810 et
945 763 1014 810 sic
1048 762 1293 825 deinceps,
1334 763 1435 810 sive
1474 796 1485 815 1

376 833 561 881 directe
616 836 717 883 sive
766 853 883 896 non,
930 845 1050 901 puta
1094 854 1262 885 versus
1319 838 1431 885 LM.
1469 826 1506 864 ⁰¹

375 909 599 972 Spatium
651 912 754 974 jam
799 913 930 976 quod
976 914 1255 961 continetur
1303 913 1433 960 inter

372 987 524 1035 lineas
550 990 721 1047 AIOL,
752 998 802 1039 et
842 991 1004 1049 BKM,
1037 999 1111 1039 est
1146 991 1197 1038 id
1237 990 1366 1053 quod
1391 1006 1514 1038 voco
1554 990 1761 1052 radium,

374 1062 473 1109 sive
497 1064 626 1112 viam
661 1081 750 1128 per
786 1082 934 1129 quam
976 1074 1138 1114 motus
1169 1082 1198 1114 a
1228 1065 1391 1113 lucido
1428 1081 1517 1129 per
1547 1066 1763 1115 medium

373 1147 688 1202 propagatur.

851 1299 1180 1333 PROPOSITIO
1208 1299 1283 1332 1v.

669 1383 865 1432 Radius
887 1391 964 1432 est
998 1384 1214 1449 spatium
1236 1383 1461 1432 solidum.

439 1485 686 1533 Quoniam
722 1486 852 1533 enim
888 1484 1052 1532 radius
1083 1492 1157 1531 est
1190 1483 1270 1531 via
1302 1499 1391 1547 per
1415 1499 1561 1547 quam
1598 1493 1762 1534 motus

370 1560 628 1623 projicitur
663 1577 693 1608 a
727 1560 905 1620 lucido,
932 1575 1090 1623 neque
1130 1567 1292 1622 potest
1329 1575 1434 1607 esse
1472 1567 1633 1609 motus
1669 1561 1763 1610 nisi

371 1638 621 1701 corporis:
659 1639 880 1702 sequitur
903 1638 1094 1686 radium
1117 1637 1280 1685 locum
1315 1654 1418 1686 esse
1442 1640 1677 1703 corporis,
1712 1647 1763 1688 et

369 1714 575 1778 proinde
598 1715 779 1763 habere
802 1723 903 1763 tres
928 1714 1269 1763 dimensiones.
1338 1715 1428 1762 Est
1451 1731 1568 1779 ergo
1597 1715 1761 1764 radius

371 1791 585 1854 spatium
610 1791 833 1839 solidum.

591 1932 835 1994 Definitio
859 1932 999 1981 radii
1022 1933 1207 1982 directi
1229 1940 1279 1981 et
1308 1932 1539 1998 refracti.

437 2033 621 2082 Radius
646 2035 867 2083 directus
903 2044 994 2093 est,
1019 2036 1103 2099 qui
1137 2043 1298 2084 sectus
1322 2035 1470 2099 plano
1493 2050 1581 2098 per
1602 2035 1757 2095 axim,

368 2108 566 2158 exhibet
605 2110 656 2157 in
696 2111 843 2173 plano
885 2119 1080 2159 secante
1119 2112 1328 2175 figuram
1364 2110 1758 2175 parallelogram-

367 2200 513 2243 mam,
538 2193 594 2233 ut
616 2186 725 2234 AK.
795 2186 979 2234 Radius
1003 2187 1257 2251 refractus
1280 2194 1370 2246 est,
1395 2187 1480 2250 qui
1509 2187 1759 2251 componi-

367 2267 450 2308 tur
474 2276 534 2308 ex
558 2260 757 2309 directis
781 2262 1014 2325 angulum
1033 2262 1342 2321 facientibus,
1362 2278 1462 2310 una
1480 2277 1593 2309 cum
1615 2268 1759 2325 parte

367 2335 690 2384 intermedia:
726 2342 782 2384 ut
804 2336 969 2384 radius
994 2336 1096 2384 AM
1134 2337 1390 2400 refractus
1421 2336 1617 2395 dicitur,
1643 2337 1759 2400 quia

367 2411 678 2474 componitur
702 2427 762 2460 ex
796 2411 995 2460 directis
1017 2411 1111 2460 AK
1142 2419 1194 2460 et
1218 2412 1322 2471 KL,
1347 2427 1445 2460 una
1476 2427 1589 2460 cum
1617 2420 1758 2477 parte

770 2611 1014 2675 Definitio
1037 2611 1177 2661 lineae
1200 2611 1339 2661 lucis.

431 2713 635 2762 Lineam
652 2712 783 2762 unde
806 2713 932 2762 radii
953 2713 1108 2762 latera
1124 2713 1391 2778 incipiunt:
1415 2713 1625 2778 exempli
1646 2729 1755 2778 gra-

364 2788 450 2848 tia,
485 2788 664 2837 lineam
686 2788 791 2847 AB,
829 2788 957 2837 uude
989 2788 1229 2852 incipiunt
1261 2788 1419 2838 latera
1449 2789 1518 2838 AI
1550 2796 1601 2838 et
1632 2789 1752 2843 BK:

363 2864 555 2929 appello
574 2863 755 2914 lineam
786 2863 912 2914 lucis
935 2864 1235 2928 simpliciter.
1304 2865 1566 2915 Linearum
1588 2872 1755 2916 autem
