1982 3204
157 530 196 646 ἐᾷς

438 308 501 351 46
772 317 1036 352 ROSETUM
1065 315 1494 350 GEOMETmcUM.

182 446 296 473 mov.
317 446 401 473 xm.
440 437 515 477 est
539 428 727 477 duabus
759 429 942 493 quintis
973 444 1114 476 arcus
1143 426 1476 490 quadrantalis
1508 427 1739 491 descripti
1763 427 1825 475 ab

190 492 382 514 κ-Ὓ-κ

198 535 207 558 t
226 540 240 559 r
252 535 361 559 rectum

198 578 255 602 tam
270 578 299 602 et
311 574 403 611 ipsius

189 618 306 646 midimn
321 622 376 647 etc.

440 505 552 552 AB:
590 504 931 568 ducanturque
972 504 1068 562 FG,
1106 501 1204 552 GC.
1299 502 1507 561 Deinde,
1549 503 1703 551 divisa
1745 502 1826 552 CF

439 580 663 628 bifariam
687 580 738 628 in
761 579 794 638 l,
815 587 984 627 centro
1004 578 1177 626 lradio
1203 577 1264 625 ZF
1282 577 1586 626 describatur
1610 579 1827 626 semicir-

440 656 578 704 culus
614 671 702 719 per
740 656 777 703 F
814 663 865 703 et
901 655 958 713 G,
993 654 1075 717 qui
1115 653 1344 702 transibit
1374 670 1463 717 per
1489 653 1549 702 C:
1587 653 1722 717 quod
1756 654 1827 702 sic

440 730 661 779 ostendo.

507 807 663 854 Recta
688 804 790 864 AC,
811 806 948 867 cujus
973 802 1263 866 quadratum
1283 810 1357 851 est
1374 803 1684 868 quintuplum
1708 819 1825 867 qua-

442 882 569 929 drati
613 881 714 939 BC,
756 889 830 928 est
870 879 1031 927 media
1069 879 1448 942 proportionalis
1488 879 1619 927 inter
1658 894 1828 926 arcum

442 956 811 1020 quadrantalem
837 955 1134 1017 descriptum
1159 955 1220 1002 ab
1238 955 1326 1002 AB
1346 963 1396 1002 et
1420 956 1524 1018 ejus
1548 954 1825 1002 dimidium:

439 1040 495 1079 ut
519 1040 766 1079 ostensum
786 1038 860 1077 est
883 1029 945 1077 ad
969 1046 1108 1092 prop.
1123 1030 1187 1077 vi.
1236 1030 1410 1092 Itaque
1429 1030 1510 1078 ΟΕ
1529 1030 1728 1094 aequalis
1753 1038 1828 1078 est

440 1106 641 1154 dimidio
674 1105 808 1152 arcui
842 1104 1152 1168 quadrantali
1191 1104 1436 1168 descripto
1468 1106 1529 1153 ab
1562 1104 1675 1153 AB:
1711 1121 1826 1154 nam

438 1190 642 1245 propter
664 1181 896 1244 angulum
920 1188 1110 1228 rectum
1133 1180 1197 1228 ad
1221 1182 1277 1239 Ε,
1295 1181 1374 1230 ΟΕ
1399 1189 1476 1229 est
1508 1181 1668 1229 media
1696 1181 1828 1228 inter

439 1257 605 1305 ambas
631 1257 730 1315 ΟΕ,
751 1257 853 1315 EA,
879 1263 929 1304 et
952 1273 1120 1304 earum
1143 1257 1396 1305 utramvis.
1457 1256 1624 1306 Quare
1647 1255 1730 1304 BF
1752 1264 1827 1304 est

439 1333 638 1396 aequalis
657 1332 857 1380 dimidio
876 1348 1018 1380 arcus
1037 1332 1370 1396 quadrantalis
1386 1332 1616 1396 descripti
1635 1333 1697 1381 ab
1718 1331 1825 1380 AB.

438 1408 526 1455 Est
549 1415 710 1456 autem
737 1406 823 1457 BG
847 1407 910 1456 ad
934 1406 1016 1455 BF
1044 1415 1094 1456 et
1124 1416 1281 1457 totam
1304 1407 1395 1456 AB
1420 1409 1471 1456 in
1494 1408 1684 1456 ratione
1709 1423 1827 1456 con-

437 1484 589 1542 tinua,
615 1483 776 1542 tertia,
800 1499 888 1546 per
911 1499 1053 1547 prop.
1079 1484 1162 1532 vii.
1233 1483 1481 1533 Quoniam
1508 1483 1661 1546 igitur
1683 1499 1827 1532 arcus

438 1558 770 1622 quadrantalis
807 1559 868 1607 ab
893 1558 1001 1618 AB,
1037 1560 1145 1623 ipsa
1168 1558 1276 1617 AB,
1314 1559 1424 1608 duae
1460 1559 1645 1622 quintae
1684 1574 1827 1607 arcus

436 1633 767 1698 quadrantalis
790 1635 852 1682 ab
877 1634 984 1694 AB,
1010 1643 1125 1683 sunt
1155 1635 1388 1683 continue
1421 1634 1823 1698 proportionales,

436 1711 530 1757 erit
552 1718 610 1757 ut
634 1710 743 1758 duae
768 1711 952 1773 quintae
986 1727 1128 1758 arcus
1152 1710 1486 1774 quadrantalis
1505 1710 1567 1758 ab
1591 1708 1698 1768 AB,
1724 1709 1827 1758 sive

435 1794 570 1833 recta
604 1785 693 1843 Bk,
729 1786 792 1834 ad
827 1786 1079 1834 dimidiam
1111 1786 1218 1844 AB,
1253 1786 1323 1834 ita
1346 1785 1435 1834 AB
1471 1786 1535 1834 ad
1570 1785 1826 1834 dimidium

435 1877 604 1908 arcum
634 1861 1005 1924 quadrantalem
1042 1862 1104 1910 ab
1129 1861 1236 1910 AB.
1305 1862 1393 1910 Est
1425 1877 1542 1925 ergo
1566 1868 1623 1910 ut
1647 1860 1737 1909 AB
1761 1861 1826 1909 ad

436 1935 535 1995 BF,
560 1937 630 1984 ita
653 1937 741 1985 DG
766 1937 829 1984 ad
853 1936 952 1985 BC.
1047 1956 1050 1959 ’

502 2012 560 2059 In
597 2028 714 2060 arcu
738 2011 870 2061 ABG
906 2013 1181 2077 applicetur
1210 2029 1241 2061 a
1270 2020 1456 2076 puncto
1482 2011 1530 2060 A
1552 2018 1687 2060 recta
1709 2010 1824 2071 AH,

435 2087 635 2150 aequalis
656 2087 757 2135 BC.
805 2089 962 2137 Erunt
982 2105 1099 2152 ergo
1119 2087 1227 2147 AB,
1248 2087 1342 2135 CH
1363 2087 1589 2151 aequaleS,
1606 2094 1656 2135 et
1677 2103 1826 2151 prop-

434 2170 569 2210 terea
594 2179 734 2211 arcus
760 2163 868 2217 HE,
893 2162 995 2220 ΕΒ,
1022 2163 1123 2212 sive
1147 2162 1314 2226 anguli
1340 2163 1489 2220 HCE,
1507 2161 1642 2220 ECF,
1662 2177 1827 2225 aequa-

436 2237 534 2284 les:
571 2245 619 2286 et
657 2245 804 2286 rectae
838 2237 944 2298 HF,
979 2238 1080 2298 BF,
1113 2239 1232 2287 item
1266 2237 1360 2295 CF,
1390 2238 1474 2285 AF
1509 2237 1742 2300 aequales:
1776 2244 1826 2285 et

437 2311 526 2360 DE
551 2313 794 2376 producta
818 2313 1004 2362 dividet
1027 2314 1262 2377 angulum
1285 2313 1410 2361 AFC
1433 2313 1674 2361 bifariam.

505 2388 691 2436 Similia
715 2405 831 2452 ergo
857 2396 972 2437 sunt
999 2389 1246 2453 triangula
1270 2387 1419 2446 ABF,
1445 2386 1588 2438 GBC.
1659 2387 1824 2437 Quare

436 2464 602 2525 anguli
628 2463 768 2523 BGC,
796 2464 928 2512 BAF
954 2474 1070 2513 sunt
1093 2464 1321 2529 aequales,
1346 2465 1463 2512 item
1487 2463 1655 2527 anguli
1679 2461 1823 2522 BCG,

438 2537 570 2585 BFA
594 2540 819 2602 aequaleS.
888 2541 951 2589 Et
973 2549 1176 2605 propter
1198 2539 1432 2603 angulum
1457 2539 1595 2587 CHA
1618 2547 1824 2598 rectum,

436 2621 487 2661 et
527 2614 616 2662 CH
657 2615 894 2677 aequalem
935 2616 1042 2675 AB,
1085 2616 1330 2680 triangula
1366 2614 1515 2674 ABF,
1549 2612 1680 2664 FBG
1710 2622 1826 2663 sunt

437 2689 614 2737 similia
637 2697 685 2737 et
708 2692 929 2753 aequalia.
976 2691 1111 2756 Ergo
1130 2690 1339 2755 aequales
1363 2690 1494 2738 inter
1510 2705 1562 2739 se
1580 2698 1696 2738 sunt
1718 2698 1827 2738 tum

437 2762 538 2822 BF,
563 2764 666 2823 GC,
690 2771 796 2812 tum
822 2766 915 2814 CH
947 2766 1070 2828 (sive
1094 2764 1207 2828 AB)
1235 2772 1286 2814 et
1309 2764 1403 2813 FG.

504 2840 569 2888 Et
596 2839 751 2888 divisa
784 2841 873 2890 AG
902 2842 1129 2891 bifariam
1159 2842 1212 2890 in
1242 2840 1290 2900 h,
1315 2847 1487 2889 centro
1511 2839 1557 2900 Ιι,
1581 2839 1720 2890 radio
1743 2839 1826 2889 hA

437 2913 710 2979 descriptus
734 2917 1067 2967 semicirculus
1090 2916 1319 2967 transibit
1340 2932 1428 2980 per
1451 2917 1502 2964 F.
