1982 3204
462 299 710 339 ALIQUOT
737 299 1096 342 cssounrch
1127 300 1242 334 mc.
1451 289 1540 341 175

155 410 390 475 angulum
437 419 710 470 contactus,
751 412 834 475 qui
875 417 949 459 est
988 410 1196 473 angulus
1237 425 1382 473 quem
1427 411 1545 459 facit
1616 427 1706 453 cn-
1729 426 1767 452 v.

155 494 294 534 recta
317 486 404 534 BD
429 502 540 534 cum
564 502 682 535 arcu
707 486 790 534 BC
825 486 875 534 in
907 494 1090 550 puncto
1128 485 1185 532 B.
1255 485 1416 533 Quem
1448 486 1545 533 Eu·
1597 472 1788 550 m

155 560 325 620 clides,
358 562 434 609 vel
469 563 575 625 ejus
614 562 855 624 interpres
887 561 1073 618 Theon,
1110 567 1160 607 et
1199 559 1394 622 plurimi
1435 575 1547 607 eum

156 636 364 701 sequuti,
390 637 624 700 majorem
648 635 844 699 quidem
880 651 984 684 esse
1022 634 1251 683 dixerunt
1291 635 1425 682 omni
1465 651 1546 683 an-

156 711 274 775 gulo
308 719 471 771 acuto,
506 711 739 774 angulum
779 720 945 759 autem
982 726 1128 774 quem
1162 710 1283 758 facit
1306 710 1394 758 AB
1436 727 1547 759 cum

157 785 330 835 eodem
353 802 471 834 arcu
492 786 575 834 BC
598 786 729 834 omni
753 786 934 849 angulo
958 794 1104 834 acuto
1122 786 1372 848 majorem,
1391 786 1549 833 mino-

157 877 263 910 rem
286 869 452 910 tamen
473 868 635 909 recto:
675 860 727 908 id
751 861 898 924 quod,
923 861 1162 925 siquidem
1191 860 1399 924 angulus
1435 853 1549 908 cori-

155 944 318 986 tactus
362 937 439 998 (ut
477 935 584 983 vult
619 935 889 997 Wallisius)
934 936 1152 1000 ejusdem
1189 944 1318 984 esset
1354 936 1548 1000 generis

157 1027 271 1075 cum
305 1011 486 1075 angulo
509 1012 592 1075 qui
629 1011 688 1059 fit
721 1027 751 1059 a
782 1011 1086 1060 revolutione
1120 1012 1260 1070 radii,
1286 1019 1361 1060 est
1396 1013 1549 1060 mani·

155 1086 279 1136 feste
300 1086 579 1135 absurdum.
651 1087 779 1135 Nam
803 1088 960 1135 omnis
985 1088 1193 1151 angulus
1211 1104 1310 1136 non
1329 1088 1548 1146 obtusus,

157 1171 245 1212 aut
277 1170 443 1210 rectus
474 1171 562 1221 est,
586 1170 673 1211 aut
703 1171 840 1211 recto
868 1163 1030 1211 minor
1060 1172 1201 1212 tanto
1232 1170 1446 1227 quantus
1474 1171 1549 1212 est

155 1237 332 1302 aliquis
355 1238 564 1302 angulus
582 1246 774 1287 acutus.

224 1313 416 1362 Fefellit
450 1329 550 1371 eos,
584 1315 758 1377 primo,
783 1313 915 1377 quod
946 1314 1158 1377 spatium
1194 1314 1324 1363 inter
1362 1321 1548 1363 rectam

158 1389 247 1439 BD
270 1397 322 1438 et
343 1405 512 1438 arcum
537 1390 619 1438 BC
643 1390 941 1438 crediderint
973 1406 1078 1438 esse
1105 1391 1364 1455 angulum:
1400 1389 1569 1454 quods

156 1479 247 1529 per
267 1481 399 1514 num.
422 1472 452 1515 3
493 1466 666 1529 capitis
689 1466 852 1529 hujuS‚
875 1466 1053 1514 falsum
1084 1473 1172 1514 est.
1242 1466 1435 1514 Fefellit
1465 1481 1549 1514 eos

157 1540 323 1599 etiam,
342 1540 476 1604 quod
496 1549 728 1604 putarent
751 1542 955 1604 angulos
978 1542 1098 1590 istos
1120 1542 1420 1605 quantitates
1444 1557 1550 1589 esse

158 1615 378 1679 ejusdem
411 1616 631 1680 generis:
674 1616 806 1680 quod
842 1616 1018 1664 falsum
1055 1625 1144 1676 est,
1187 1618 1301 1680 quia
1341 1617 1550 1680 angulus

158 1699 434 1750 contactus,
451 1699 699 1755 utcunque
723 1692 1089 1755 multiplicatus,
1107 1692 1341 1756 angulum
1364 1693 1551 1742 factum

158 1781 220 1815 ex
243 1766 561 1816 circulatione
583 1767 709 1816 radii
732 1783 964 1832 superare
987 1776 1072 1816 aut
1086 1784 1279 1832 aequare
1297 1785 1548 1832 nunquam

155 1850 335 1908 potest.

222 1933 318 1968 xv.
355 1919 409 1967 Si
431 1935 601 1967 verum
626 1927 754 1968 esset
777 1919 1012 1983 angulum
1035 1920 1221 1968 factum
1245 1936 1277 1969 a
1300 1927 1436 1969 recta
1457 1921 1547 1970 AB

155 2010 269 2043 cum
292 2010 412 2044 arcu
445 1995 529 2043 BC
557 2003 692 2044 recto
727 1996 967 2044 minorem
1009 2011 1129 2056 esse,
1156 1996 1262 2044 fieri
1292 2004 1458 2060 posset
1491 2003 1549 2046 ut

154 2070 363 2134 angulus
397 2078 573 2118 acutus
604 2070 914 2119 uniformiter
947 2071 1212 2120 crescendo
1245 2073 1404 2135 major
1438 2079 1548 2120 tan-

154 2144 269 2195 dem
309 2146 538 2195 evaderet
576 2154 731 2204 recto,
755 2162 1006 2210 nunquam
1044 2154 1211 2196 tamen
1246 2147 1317 2195 illi
1348 2148 1548 2211 aequalis

154 2229 299 2271 esset.
370 2222 495 2271 Quae
518 2221 731 2269 absurda
749 2237 808 2270 ex
839 2237 899 2270 eo
920 2229 1039 2271 nata
1072 2230 1202 2282 sunt,
1238 2222 1372 2286 quod
1404 2231 1549 2287 puta-

153 2304 267 2346 rent
287 2297 467 2346 lineam
491 2296 675 2345 nullam
692 2297 871 2346 habere
893 2297 1220 2358 latitudinem,
1240 2313 1331 2346 nec
1354 2298 1548 2362 signum

153 2372 305 2422 ullam
338 2372 540 2421 omnino
563 2372 906 2435 quantitatem.

221 2461 342 2496 xvl.
378 2446 527 2496 Quod
549 2447 755 2511 angulos
785 2449 837 2496 in
861 2455 1032 2497 centro
1056 2449 1224 2513 anguli
1260 2449 1311 2497 in
1342 2450 1549 2498 circum·

153 2522 377 2579 fean
401 2523 443 2571 si
466 2523 735 2587 aequalibus
758 2523 990 2572 insistant
1011 2525 1238 2584 arcubus,
1262 2524 1441 2589 duplus
1465 2526 1546 2584 sit,

156 2594 520 2647 demonstratur
541 2598 604 2647 ab
627 2598 847 2659 Euclide,
871 2599 1025 2648 Elem.
1048 2600 1117 2659 iii,
1141 2615 1281 2664 prop.
1306 2606 1387 2649 20.
1445 2600 1545 2648 Νο-

155 2673 364 2722 tandum
397 2681 578 2734 autem,
610 2674 675 2723 ad
707 2676 970 2724 essentiam
1001 2675 1169 2739 anguli
1207 2675 1259 2723 in
1291 2675 1546 2724 circumfe-

155 2747 319 2797 rentia
339 2763 443 2798 non
473 2750 657 2814 requiri
684 2758 740 2799 ut
778 2766 923 2800 crura
957 2751 1102 2799 ambo
1134 2751 1462 2799 terminentur
1492 2750 1544 2797 in

155 2822 567 2872 circumferentia.
620 2824 751 2874 Nam
765 2826 975 2890 angulus
991 2826 1044 2874 in
1061 2826 1455 2874 circumferentia
1470 2831 1544 2873 est

156 2899 308 2960 DBC‚
331 2899 423 2949 etsi
445 2906 683 2964 punctum
706 2901 822 2954 Diu
839 2901 1232 2951 circumferentia
1252 2916 1351 2949 non
1374 2900 1453 2949 sit.
