1982 3204
707 304 1146 339 Rccnnsusrlca.
1521 299 1618 342 369

235 411 330 458 Cur
346 420 488 456 tamen
508 412 703 471 impietas
722 413 898 458 dicenda
917 413 986 464 sit,
1008 413 1119 456 haud
1140 415 1247 457 benc
1266 430 1390 459 cerno
1407 433 1417 465 3

292 478 406 522 Nam
427 495 511 522 non
532 495 590 530 es,
611 480 646 523 si
668 495 752 523 non
773 479 927 536 impius
946 494 1036 523 esse
1058 479 1173 522 velis.
1534 486 1618 526 730

235 543 297 588 Et
314 545 390 601 qui
409 545 639 589 credebant
659 562 703 589 se
724 546 866 588 Biblia
884 561 1001 589 sacra
1020 555 1236 601 sequutos‚

292 610 398 654 Esse
418 612 694 668 proculdubio
713 627 758 655 se
779 612 948 655 voluere
967 612 1071 668 pios.

236 675 318 720 Illo
337 677 524 720 damnati
545 693 672 734 quam
693 693 867 735 magnos
888 685 1076 734 tempore
1100 677 1292 728 honores,

292 742 487 798 Quantas
505 744 674 787 divitias
698 744 932 795 deseruere,
953 751 1082 801 puta:

234 807 335 864 Quo
354 809 497 854 vixere
516 818 647 861 metu,
668 818 849 866 quantos
868 810 1034 853 subiere
1052 809 1229 860 dolores,

291 874 359 919 Ut
377 884 674 919 conservarent
693 891 820 932 quam
842 883 1016 919 tenuere
1037 875 1215 919 Fidem!

233 941 365 985 Anne
385 940 535 985 Fidem
556 941 780 998 quisquam
802 942 911 984 tanti
932 942 1035 985 facit
1054 942 1243 999 impius?
1297 941 1389 985 Illis

287 1005 486 1064 Regnare
504 1014 570 1050 est
588 1022 814 1057 summum,
834 1006 1081 1063 divitiaeque
1100 1008 1271 1051 bonum.

230 1071 454 1116 Erras-unt.
514 1073 678 1130 Synodi
697 1073 931 1116 doctrinam
951 1088 1123 1117 cernere
1142 1081 1298 1116 sanctae

288 1138 343 1182 In
365 1138 543 1197 Scriptis
562 1139 663 1183 caeci
682 1155 767 1183 non
788 1147 964 1196 potuere
987 1138 1137 1183 Sacris.
1531 1144 1614 1183 740

229 1204 402 1263 Ergone
420 1220 557 1249 coecus
576 1205 702 1249 homo
721 1205 992 1248 damnabitur
1011 1206 1252 1263 impietatis,

288 1271 471 1326 Quando
490 1287 588 1324 non,
602 1273 746 1329 jussus
765 1272 858 1329 lege
880 1272 1034 1323 videre,
1055 1272 1171 1316 videt
1184 1273 1204 1314 Ρ

229 1337 323 1383 Cur
340 1353 426 1382 non
444 1345 490 1381 et
508 1338 645 1395 patria
657 1339 861 1395 jubeatur
880 1338 1027 1382 cedere
1047 1339 1191 1389 simus,

288 1404 336 1449 Si
355 1420 438 1448 non
458 1412 502 1448 et
521 1420 670 1448 nasum
688 1404 873 1462 corrigat
891 1404 962 1447 ille
982 1405 1136 1448 suum?

226 1472 427 1528 AEquum
452 1479 556 1522 erat,
577 1471 622 1513 iu
643 1471 828 1514 tenebris
848 1471 1088 1522 verborum,
1110 1471 1325 1528 ignoscere
1345 1469 1380 1512 si
1400 1470 1496 1525 quis

285 1537 411 1582 Cavit
429 1552 483 1581 ne
501 1537 645 1595 plures
663 1537 823 1581 diceret
842 1553 931 1580 esse
952 1537 1082 1580 Deos.

228 1603 350 1647 Inter
377 1605 682 1661 non-genitum,
702 1604 981 1661 genitumque
1002 1605 1047 1646 in
1067 1610 1240 1660 tompore
1258 1602 1384 1653 nullo,

285 1669 403 1725 Quid
423 1670 480 1714 sit
496 1670 658 1713 dissidii
677 1686 762 1714 non
782 1670 897 1727 capit
915 1670 1053 1714 omnis
1072 1663 1212 1720 homo,

226 1734 324 1780 Nec
342 1751 524 1793 quorum
543 1737 691 1794 lingua
711 1735 874 1779 verbum
892 1735 1122 1779 substantia
1143 1735 1241 1786 dici,

283 1802 383 1846 Aut
400 1803 542 1847 animo
561 1803 693 1861 possit
712 1818 799 1859 qua
817 1802 980 1846 ratione
999 1801 1107 1859 capi.
1529 1804 1612 1843 750

227 1868 331 1913 Vox
349 1870 593 1926 Hypoetast's
611 1876 733 1913 sonat
751 1876 803 1912 ut-
819 1868 1047 1911 substantia
1067 1867 1229 1912 Graecis
1242 1884 1255 1910 τ

284 1934 374 1990 Qui
392 1935 497 1979 dicit
516 1943 603 1979 tres
622 1942 736 1986 sunt,
757 1942 844 1978 tres
864 1934 926 1978 ait
944 1949 1036 1978 esse
1055 1934 1182 1978 Deos.

225 1999 475 2059 Regnorum
495 2000 660 2051 medici,
681 2001 907 2044 verborum
927 1999 1076 2044 discite
1098 2000 1233 2043 vires:

283 2066 537 2111 Dementem
557 2067 762 2125 populum
782 2066 854 2110 lex
874 2066 965 2110 sine
986 2073 1129 2110 mente
1149 2066 1264 2110 facit.

226 2132 311 2178 Dic
329 2149 443 2178 nunc
461 2149 538 2177 cur
560 2133 757 2191 Synodus
777 2148 862 2176 non
881 2132 1024 2176 sanxit
1042 2139 1088 2176 et
1106 2132 1286 2176 haeresin
1306 2146 1410 2180 esse,

284 2198 476 2243 Verbum
499 2199 739 2256 Scripturas
758 2213 849 2242 esse
868 2214 1023 2256 negare
1043 2197 1140 2242 Dei.

226 2265 306 2310 Pr.
335 2266 371 2310 J
371 2282 422 2310 us
441 2266 653 2310 indicendi
674 2265 896 2323 synodum
916 2272 1021 2309 tunc
1041 2265 1183 2309 Gaesar
1200 2264 1383 2308 habebat

285 2331 425 2383 Solus,
443 2340 489 2376 et
507 2332 663 2375 indixit
681 2346 779 2375 cum
802 2330 976 2388 Synodo
995 2337 1108 2375 esset
1125 2346 1245 2388 opus.

227 2397 354 2442 Tunc
371 2414 477 2456 opus
495 2406 562 2443 est
579 2405 736 2449 autem,
757 2413 855 2441 cum
874 2399 1053 2441 turbant
1071 2397 1272 2455 dogmata
1290 2410 1449 2453 pacem.

284 2463 355 2508 De
373 2464 518 2508 Libris
539 2463 678 2509 Sacris
697 2463 878 2521 quaestio
897 2463 1015 2507 nulla
1034 2463 1131 2506 suit.
1524 2461 1607 2503 760

229 2532 420 2588 Qoestio
438 2533 536 2577 talis
554 2534 683 2585 enim,
706 2533 926 2591 Scriptura
937 2533 1097 2591 judice,
1117 2547 1337 2588 nunquam

285 2598 436 2649 mniri,
455 2605 544 2651 ant,
563 2599 647 2643 alio
658 2599 817 2657 jndice,
838 2605 948 2643 teste
967 2606 1120 2656 potest.

229 2663 374 2719 Quare
393 2664 429 2708 si
448 2672 588 2722 patres
606 2672 839 2709 certassent
856 2665 1143 2721 haereticique,

284 2730 479 2774 Dice-vit
497 2730 627 2775 libros
645 2746 753 2787 quos
770 2731 911 2782 homo,
931 2745 1124 2787 quosque
1148 2729 1291 2773 Deus:

228 2796 314 2840 Vir
330 2797 442 2840 bone
460 2811 601 2840 nonne
621 2797 750 2847 vides,
771 2805 835 2848 ut,
849 2797 994 2853 judice
1015 2796 1196 2846 Caesare,
1218 2796 1347 2838 verba

285 2862 443 2907 Essent
461 2861 578 2905 nulla
596 2861 680 2906 Dei
700 2877 784 2906 non
805 2862 1012 2920 placitura
1029 2861 1141 2905 sibi?

230 2929 279 2975 Si
296 2943 412 2974 nunc
430 2928 632 2973 hareseos
653 2926 852 2986 Synodus
867 2928 1107 2971 damnasset
1122 2934 1168 2971 et
1186 2926 1321 2976 illum,

361 3010 488 3046 vol..
507 3010 560 3045 V.
1390 3005 1422 3039 B
1440 3004 1472 3038 B

1453 655 1522 671 ἡ
