<?xml version="1.0" encoding="UTF-8"?>
<!DOCTYPE html PUBLIC "-//W3C//DTD XHTML 1.0 Transitional//EN"
    "http://www.w3.org/TR/xhtml1/DTD/xhtml1-transitional.dtd">
<html xmlns="http://www.w3.org/1999/xhtml" xml:lang="en" lang="en">
 <head>
  <title>
</title>
<meta http-equiv="Content-Type" content="text/html;charset=utf-8" />
  <meta name='ocr-system' content='tesseract 3.04.00' />
  <meta name='ocr-capabilities' content='ocr_page ocr_carea ocr_par ocr_line ocrx_word'/>
</head>
<body>
  <div class='ocr_page' id='page_1' title='image "./operaphilosophic05hobbuoft/operaphilosophic05hobbuoft_0040.png"; bbox 0 0 1982 3204; ppageno 0'>
   <div class='ocr_carea' id='block_1_1' title="bbox 417 280 1471 324">
    <p class='ocr_par' dir='ltr' id='par_1_1' title="bbox 417 280 1471 324">
     <span class='ocr_line' id='line_1_1' title="bbox 417 280 1471 324; baseline -0.001 -2"><span class='ocrx_word' id='word_1_1' title='bbox 417 280 478 323; x_wconf 86' lang='lat'>32</span> <span class='ocrx_word' id='word_1_2' title='bbox 749 289 1011 324; x_wconf 81' lang='lat' dir='ltr'>ROSETUM</span> <span class='ocrx_word' id='word_1_3' title='bbox 1040 286 1471 323; x_wconf 78' lang='lat' dir='ltr'><strong>GEOMETRICUM.</strong></span> 
     </span>
    </p>
   </div>
   <div class='ocr_carea' id='block_1_2' title="bbox 162 397 1806 461">
    <p class='ocr_par' dir='ltr' id='par_1_2' title="bbox 162 397 1806 461">
     <span class='ocr_line' id='line_1_2' title="bbox 162 397 1806 461; baseline 0.002 -18"><span class='ocrx_word' id='word_1_4' title='bbox 162 416 275 443; x_wconf 69' lang='lat' dir='ltr'>mor.</span> <span class='ocrx_word' id='word_1_5' title='bbox 295 416 367 443; x_wconf 86' lang='lat' dir='ltr'>xn.</span> <span class='ocrx_word' id='word_1_6' title='bbox 413 399 582 448; x_wconf 86' lang='lat' dir='ltr'>rentiae</span> <span class='ocrx_word' id='word_1_7' title='bbox 619 399 748 448; x_wconf 90' lang='lat' dir='ltr'>inter</span> <span class='ocrx_word' id='word_1_8' title='bbox 781 401 909 448; x_wconf 88' lang='lat' dir='ltr'>latus</span> <span class='ocrx_word' id='word_1_9' title='bbox 947 400 1033 448; x_wconf 88' lang='lat' dir='ltr'>DC</span> <span class='ocrx_word' id='word_1_10' title='bbox 1070 407 1121 447; x_wconf 86' lang='lat' dir='ltr'>et</span> <span class='ocrx_word' id='word_1_11' title='bbox 1161 398 1590 461; x_wconf 86' lang='lat' dir='ltr'>semidiagonalem</span> <span class='ocrx_word' id='word_1_12' title='bbox 1627 398 1698 446; x_wconf 94' lang='lat' dir='ltr'>DI</span> <span class='ocrx_word' id='word_1_13' title='bbox 1728 397 1806 446; x_wconf 85' lang='lat' dir='ltr'>vel</span> 
     </span>
    </p>
   </div>
   <div class='ocr_carea' id='block_1_3' title="bbox 167 463 1801 539">
    <p class='ocr_par' dir='ltr' id='par_1_3' title="bbox 167 463 1801 539">
     <span class='ocr_line' id='line_1_3' title="bbox 167 463 1801 539; baseline -0.004 -10"><span class='ocrx_word' id='word_1_14' title='bbox 167 463 358 539; x_wconf 52' lang='lat' dir='ltr'><strong>W</strong></span> <span class='ocrx_word' id='word_1_15' title='bbox 412 474 518 524; x_wconf 89' lang='lat' dir='ltr'>DO.</span> <span class='ocrx_word' id='word_1_16' title='bbox 588 475 717 524; x_wconf 88' lang='lat' dir='ltr'>Nam</span> <span class='ocrx_word' id='word_1_17' title='bbox 742 476 826 524; x_wconf 90' lang='lat' dir='ltr'>CO</span> <span class='ocrx_word' id='word_1_18' title='bbox 861 483 934 523; x_wconf 89' lang='lat' dir='ltr'>est</span> <span class='ocrx_word' id='word_1_19' title='bbox 973 482 1168 523; x_wconf 86' lang='lat' dir='ltr'>ostensa</span> <span class='ocrx_word' id='word_1_20' title='bbox 1203 474 1402 537; x_wconf 85' lang='lat' dir='ltr'>aequalis</span> <span class='ocrx_word' id='word_1_21' title='bbox 1440 473 1654 523; x_wconf 86' lang='lat' dir='ltr'>dimidiae</span> <span class='ocrx_word' id='word_1_22' title='bbox 1690 482 1801 523; x_wconf 88' lang='lat' dir='ltr'>tan-</span> 
     </span>
    </p>
   </div>
   <div class='ocr_carea' id='block_1_4' title="bbox 173 544 677 615">
    <p class='ocr_par' dir='ltr' id='par_1_4' title="bbox 173 544 677 615">
     <span class='ocr_line' id='line_1_4' title="bbox 173 544 677 615; baseline -0.002 -16"><span class='ocrx_word' id='word_1_23' title='bbox 173 544 310 582; x_wconf 60' lang='lat' dir='ltr'>²¹i¹²¹¹⁸¹¹¹³</span> <span class='ocrx_word' id='word_1_24' title='bbox 321 548 376 574; x_wconf 63' lang='lat'>⁸⁰²·</span> <span class='ocrx_word' id='word_1_25' title='bbox 410 551 547 615; x_wconf 88' lang='lat' dir='ltr'>genti</span> <span class='ocrx_word' id='word_1_26' title='bbox 574 551 677 600; x_wconf 88' lang='lat' dir='ltr'>AT.</span> 
     </span>
    </p>
   </div>
   <div class='ocr_carea' id='block_1_5' title="bbox 978 688 1238 699">
    <p class='ocr_par' dir='ltr' id='par_1_5' title="bbox 978 688 1238 699">
     <span class='ocr_line' id='line_1_5' title="bbox 978 688 1238 699; baseline 0 0"><span class='ocrx_word' id='word_1_27' title='bbox 978 688 1238 699; x_wconf 95' lang='lat' dir='ltr'> </span> 
     </span>
    </p>
   </div>
   <div class='ocr_carea' id='block_1_6' title="bbox 925 805 1286 853">
    <p class='ocr_par' dir='ltr' id='par_1_6' title="bbox 925 805 1286 853">
     <span class='ocr_line' id='line_1_6' title="bbox 925 805 1286 853; baseline -0.003 0"><span class='ocrx_word' id='word_1_28' title='bbox 925 806 1106 853; x_wconf 88' lang='lat' dir='ltr'><strong>PROP.</strong></span> <span class='ocrx_word' id='word_1_29' title='bbox 1143 805 1286 853; x_wconf 92' lang='lat' dir='ltr'><strong>XIII.</strong></span> 
     </span>
    </p>
   </div>
   <div class='ocr_carea' id='block_1_7' title="bbox 413 914 1804 1184">
    <p class='ocr_par' dir='ltr' id='par_1_7' title="bbox 413 914 1804 1184">
     <span class='ocr_line' id='line_1_7' title="bbox 413 914 1803 955; baseline -0.002 0"><span class='ocrx_word' id='word_1_30' title='bbox 413 919 789 955; x_wconf 83' lang='lat' dir='ltr'>DIFFERENTIA</span> <span class='ocrx_word' id='word_1_31' title='bbox 815 919 986 953; x_wconf 87' lang='lat' dir='ltr'><strong>INTER</strong></span> <span class='ocrx_word' id='word_1_32' title='bbox 1011 918 1192 953; x_wconf 86' lang='lat' dir='ltr'><strong>MAJUS</strong></span> <span class='ocrx_word' id='word_1_33' title='bbox 1229 919 1296 952; x_wconf 87' lang='lat' dir='ltr'>ET</span> <span class='ocrx_word' id='word_1_34' title='bbox 1329 918 1511 953; x_wconf 91' lang='lat' dir='ltr'><strong>MINUS</strong></span> <span class='ocrx_word' id='word_1_35' title='bbox 1551 914 1803 953; x_wconf 72' lang='lat' dir='ltr'>SEGMEN-</span> 
     </span>
     <span class='ocr_line' id='line_1_8' title="bbox 479 994 1802 1031; baseline -0.001 -1"><span class='ocrx_word' id='word_1_36' title='bbox 479 998 597 1031; x_wconf 87' lang='lat' dir='ltr'>TUM</span> <span class='ocrx_word' id='word_1_37' title='bbox 632 995 819 1028; x_wconf 82' lang='lat' dir='ltr'><strong>RECTAE</strong></span> <span class='ocrx_word' id='word_1_38' title='bbox 855 994 1058 1028; x_wconf 87' lang='lat' dir='ltr'><strong>DIVISAE</strong></span> <span class='ocrx_word' id='word_1_39' title='bbox 1095 994 1367 1027; x_wconf 83' lang='lat' dir='ltr'><strong>EXTREMA</strong></span> <span class='ocrx_word' id='word_1_40' title='bbox 1394 995 1461 1028; x_wconf 85' lang='lat' dir='ltr'>ET</span> <span class='ocrx_word' id='word_1_41' title='bbox 1495 995 1679 1028; x_wconf 86' lang='lat' dir='ltr'><strong>MEDIA</strong></span> <span class='ocrx_word' id='word_1_42' title='bbox 1706 994 1802 1029; x_wconf 82' lang='lat' dir='ltr'>RA-</span> 
     </span>
     <span class='ocr_line' id='line_1_9' title="bbox 478 1069 1804 1114; baseline 0 -10"><span class='ocrx_word' id='word_1_43' title='bbox 478 1071 667 1114; x_wconf 84' lang='lat' dir='ltr'><strong>TIONE,</strong></span> <span class='ocrx_word' id='word_1_44' title='bbox 696 1069 878 1104; x_wconf 90' lang='lat' dir='ltr'>DUPLA</span> <span class='ocrx_word' id='word_1_45' title='bbox 907 1070 1006 1102; x_wconf 88' lang='lat' dir='ltr'>EST</span> <span class='ocrx_word' id='word_1_46' title='bbox 1040 1069 1433 1103; x_wconf 85' lang='lat' dir='ltr'><strong>DlFFERENTIAE</strong></span> <span class='ocrx_word' id='word_1_47' title='bbox 1468 1070 1641 1104; x_wconf 84' lang='lat' dir='ltr'><strong>INTER</strong></span> <span class='ocrx_word' id='word_1_48' title='bbox 1668 1070 1804 1104; x_wconf 83' lang='lat' dir='ltr'><strong>EAN·</strong></span> 
     </span>
     <span class='ocr_line' id='line_1_10' title="bbox 478 1144 1801 1184; baseline 0 -4"><span class='ocrx_word' id='word_1_49' title='bbox 478 1148 596 1180; x_wconf 90' lang='lat' dir='ltr'>DEM</span> <span class='ocrx_word' id='word_1_50' title='bbox 623 1146 842 1179; x_wconf 89' lang='lat' dir='ltr'><strong>RECTAM</strong></span> <span class='ocrx_word' id='word_1_51' title='bbox 869 1146 935 1178; x_wconf 88' lang='lat' dir='ltr'>ET</span> <span class='ocrx_word' id='word_1_52' title='bbox 962 1144 1078 1178; x_wconf 90' lang='lat' dir='ltr'>EAM</span> <span class='ocrx_word' id='word_1_53' title='bbox 1107 1145 1231 1184; x_wconf 86' lang='lat' dir='ltr'>QUAE</span> <span class='ocrx_word' id='word_1_54' title='bbox 1277 1146 1557 1180; x_wconf 88' lang='lat' dir='ltr'><strong>POTENTIA</strong></span> <span class='ocrx_word' id='word_1_55' title='bbox 1596 1146 1695 1180; x_wconf 79' lang='lat' dir='ltr'>EST</span> <span class='ocrx_word' id='word_1_56' title='bbox 1726 1147 1801 1180; x_wconf 83' lang='lat' dir='ltr'>AD</span> 
     </span>
    </p>
   </div>
   <div class='ocr_carea' id='block_1_8' title="bbox 478 1212 967 1256">
    <p class='ocr_par' dir='ltr' id='par_1_8' title="bbox 478 1212 967 1256">
     <span class='ocr_line' id='line_1_11' title="bbox 478 1212 967 1256; baseline -0.002 -1"><span class='ocrx_word' id='word_1_57' title='bbox 478 1222 645 1256; x_wconf 87' lang='lat' dir='ltr'><strong>IPSAM</strong></span> <span class='ocrx_word' id='word_1_58' title='bbox 673 1222 744 1256; x_wconf 85' lang='lat' dir='ltr'>UT</span> <span class='ocrx_word' id='word_1_59' title='bbox 770 1214 796 1254; x_wconf 89' lang='lat'>5</span> <span class='ocrx_word' id='word_1_60' title='bbox 822 1221 895 1254; x_wconf 88' lang='lat' dir='ltr'>AD</span> <span class='ocrx_word' id='word_1_61' title='bbox 921 1212 967 1254; x_wconf 89' lang='lat'>4.</span> 
     </span>
    </p>
   </div>
   <div class='ocr_carea' id='block_1_9' title="bbox 405 1299 1802 2933">
    <p class='ocr_par' dir='ltr' id='par_1_9' title="bbox 406 1299 1802 1819">
     <span class='ocr_line' id='line_1_12' title="bbox 412 1299 1802 1363; baseline 0 -15"><span class='ocrx_word' id='word_1_62' title='bbox 412 1300 503 1348; x_wconf 70' lang='lat' dir='ltr'>Srr</span> <span class='ocrx_word' id='word_1_63' title='bbox 528 1300 642 1348; x_wconf 89' lang='lat' dir='ltr'>data</span> <span class='ocrx_word' id='word_1_64' title='bbox 672 1307 809 1347; x_wconf 90' lang='lat' dir='ltr'>recta</span> <span class='ocrx_word' id='word_1_65' title='bbox 830 1299 935 1357; x_wconf 89' lang='lat' dir='ltr'>AB,</span> <span class='ocrx_word' id='word_1_66' title='bbox 962 1299 1040 1346; x_wconf 88' lang='lat' dir='ltr'>eui</span> <span class='ocrx_word' id='word_1_67' title='bbox 1068 1307 1283 1362; x_wconf 85' lang='lat' dir='ltr'>ponatur</span> <span class='ocrx_word' id='word_1_68' title='bbox 1315 1299 1378 1348; x_wconf 88' lang='lat' dir='ltr'>ad</span> <span class='ocrx_word' id='word_1_69' title='bbox 1409 1300 1616 1363; x_wconf 86' lang='lat' dir='ltr'>angulos</span> <span class='ocrx_word' id='word_1_70' title='bbox 1640 1308 1802 1349; x_wconf 86' lang='lat' dir='ltr'>rectos</span> 
     </span>
     <span class='ocr_line' id='line_1_13' title="bbox 410 1373 1801 1439; baseline 0 -15"><span class='ocrx_word' id='word_1_71' title='bbox 410 1376 492 1424; x_wconf 90' lang='lat' dir='ltr'>BF</span> <span class='ocrx_word' id='word_1_72' title='bbox 515 1376 724 1424; x_wconf 84' lang='lat' dir='ltr'>semissis</span> <span class='ocrx_word' id='word_1_73' title='bbox 749 1375 873 1422; x_wconf 83' lang='lat' dir='ltr'>datae</span> <span class='ocrx_word' id='word_1_74' title='bbox 896 1375 999 1422; x_wconf 92' lang='lat' dir='ltr'>AB.</span> <span class='ocrx_word' id='word_1_75' title='bbox 1038 1373 1172 1438; x_wconf 85' lang='lat' dir='ltr'>Ergo</span> <span class='ocrx_word' id='word_1_76' title='bbox 1199 1375 1360 1424; x_wconf 88' lang='lat' dir='ltr'>ductae</span> <span class='ocrx_word' id='word_1_77' title='bbox 1375 1376 1460 1424; x_wconf 90' lang='lat' dir='ltr'>AF</span> <span class='ocrx_word' id='word_1_78' title='bbox 1482 1376 1706 1439; x_wconf 88' lang='lat' dir='ltr'>potentia</span> <span class='ocrx_word' id='word_1_79' title='bbox 1727 1384 1801 1425; x_wconf 92' lang='lat' dir='ltr'>est</span> 
     </span>
     <span class='ocr_line' id='line_1_14' title="bbox 409 1450 1802 1515; baseline 0.001 -16"><span class='ocrx_word' id='word_1_80' title='bbox 409 1452 473 1499; x_wconf 86' lang='lat' dir='ltr'>ad</span> <span class='ocrx_word' id='word_1_81' title='bbox 495 1451 763 1515; x_wconf 86' lang='lat' dir='ltr'>potentiam</span> <span class='ocrx_word' id='word_1_82' title='bbox 788 1451 911 1498; x_wconf 82' lang='lat' dir='ltr'>datae</span> <span class='ocrx_word' id='word_1_83' title='bbox 935 1458 990 1498; x_wconf 89' lang='lat' dir='ltr'>ut</span> <span class='ocrx_word' id='word_1_84' title='bbox 1016 1456 1043 1498; x_wconf 90' lang='lat'>5</span> <span class='ocrx_word' id='word_1_85' title='bbox 1070 1450 1134 1497; x_wconf 88' lang='lat' dir='ltr'>ad</span> <span class='ocrx_word' id='word_1_86' title='bbox 1169 1456 1215 1510; x_wconf 89' lang='lat'>4,</span> <span class='ocrx_word' id='word_1_87' title='bbox 1242 1458 1290 1498; x_wconf 89' lang='lat' dir='ltr'>et</span> <span class='ocrx_word' id='word_1_88' title='bbox 1325 1450 1387 1498; x_wconf 88' lang='lat' dir='ltr'>ad</span> <span class='ocrx_word' id='word_1_89' title='bbox 1417 1451 1690 1514; x_wconf 85' lang='lat' dir='ltr'>potentiam</span> <span class='ocrx_word' id='word_1_90' title='bbox 1721 1452 1802 1500; x_wconf 93' lang='lat' dir='ltr'>BF</span> 
     </span>
     <span class='ocr_line' id='line_1_15' title="bbox 408 1526 1800 1575; baseline 0 0"><span class='ocrx_word' id='word_1_91' title='bbox 408 1535 464 1575; x_wconf 90' lang='lat' dir='ltr'>ut</span> <span class='ocrx_word' id='word_1_92' title='bbox 499 1533 526 1575; x_wconf 90' lang='lat'>5</span> <span class='ocrx_word' id='word_1_93' title='bbox 554 1527 616 1575; x_wconf 90' lang='lat' dir='ltr'>ad</span> <span class='ocrx_word' id='word_1_94' title='bbox 647 1533 686 1574; x_wconf 91' lang='grc'>1.</span> <span class='ocrx_word' id='word_1_95' title='bbox 757 1526 1018 1574; x_wconf 88' lang='lat' dir='ltr'>Intervallo</span> <span class='ocrx_word' id='word_1_96' title='bbox 1056 1526 1141 1574; x_wconf 88' lang='lat' dir='ltr'>AF</span> <span class='ocrx_word' id='word_1_97' title='bbox 1182 1526 1489 1575; x_wconf 83' lang='lat' dir='ltr'>describatur</span> <span class='ocrx_word' id='word_1_98' title='bbox 1525 1543 1668 1575; x_wconf 86' lang='lat' dir='ltr'>arcus</span> <span class='ocrx_word' id='word_1_99' title='bbox 1705 1526 1800 1575; x_wconf 86' lang='lat' dir='ltr'>eir-</span> 
     </span>
     <span class='ocr_line' id='line_1_16' title="bbox 408 1604 1799 1669; baseline 0.001 -17"><span class='ocrx_word' id='word_1_100' title='bbox 408 1605 520 1664; x_wconf 83' lang='lat' dir='ltr'>culi,</span> <span class='ocrx_word' id='word_1_101' title='bbox 550 1620 717 1653; x_wconf 89' lang='lat' dir='ltr'>secans</span> <span class='ocrx_word' id='word_1_102' title='bbox 752 1605 840 1652; x_wconf 90' lang='lat' dir='ltr'>AB</span> <span class='ocrx_word' id='word_1_103' title='bbox 881 1604 1173 1668; x_wconf 85' lang='lat' dir='ltr'>productam</span> <span class='ocrx_word' id='word_1_104' title='bbox 1210 1605 1262 1653; x_wconf 89' lang='lat' dir='ltr'>in</span> <span class='ocrx_word' id='word_1_105' title='bbox 1303 1622 1348 1653; x_wconf 79' lang='lat' dir='ltr'>z.</span> <span class='ocrx_word' id='word_1_106' title='bbox 1419 1605 1646 1654; x_wconf 86' lang='lat' dir='ltr'>Potentia</span> <span class='ocrx_word' id='word_1_107' title='bbox 1681 1621 1799 1669; x_wconf 85' lang='lat' dir='ltr'>ergo</span> 
     </span>
     <span class='ocr_line' id='line_1_17' title="bbox 406 1679 1802 1743; baseline 0.002 -17"><span class='ocrx_word' id='word_1_108' title='bbox 406 1688 552 1728; x_wconf 82' lang='lat' dir='ltr'>rectae</span> <span class='ocrx_word' id='word_1_109' title='bbox 575 1680 651 1727; x_wconf 69' lang='grc' dir='ltr'>ΑΖ</span> <span class='ocrx_word' id='word_1_110' title='bbox 675 1687 750 1728; x_wconf 89' lang='lat' dir='ltr'>est</span> <span class='ocrx_word' id='word_1_111' title='bbox 782 1680 844 1727; x_wconf 88' lang='lat' dir='ltr'>ad</span> <span class='ocrx_word' id='word_1_112' title='bbox 875 1680 1147 1743; x_wconf 88' lang='lat' dir='ltr'>potentiam</span> <span class='ocrx_word' id='word_1_113' title='bbox 1178 1679 1306 1729; x_wconf 87' lang='lat' dir='ltr'>datae</span> <span class='ocrx_word' id='word_1_114' title='bbox 1330 1680 1418 1728; x_wconf 93' lang='lat' dir='ltr'>AB</span> <span class='ocrx_word' id='word_1_115' title='bbox 1449 1688 1506 1730; x_wconf 89' lang='lat' dir='ltr'>ut</span> <span class='ocrx_word' id='word_1_116' title='bbox 1538 1687 1566 1729; x_wconf 90' lang='lat'>5</span> <span class='ocrx_word' id='word_1_117' title='bbox 1591 1681 1653 1729; x_wconf 90' lang='lat' dir='ltr'>ad</span> <span class='ocrx_word' id='word_1_118' title='bbox 1678 1687 1726 1738; x_wconf 91' lang='lat'>4,</span> <span class='ocrx_word' id='word_1_119' title='bbox 1750 1688 1802 1729; x_wconf 86' lang='lat' dir='ltr'>et</span> 
     </span>
     <span class='ocr_line' id='line_1_18' title="bbox 407 1755 1164 1819; baseline 0 -16"><span class='ocrx_word' id='word_1_120' title='bbox 407 1755 470 1803; x_wconf 85' lang='lat' dir='ltr'>ad</span> <span class='ocrx_word' id='word_1_121' title='bbox 492 1756 765 1819; x_wconf 86' lang='lat' dir='ltr'>potentiam</span> <span class='ocrx_word' id='word_1_122' title='bbox 791 1756 871 1804; x_wconf 88' lang='lat' dir='ltr'>BF</span> <span class='ocrx_word' id='word_1_123' title='bbox 894 1763 950 1803; x_wconf 88' lang='lat' dir='ltr'>ut</span> <span class='ocrx_word' id='word_1_124' title='bbox 977 1761 1003 1803; x_wconf 91' lang='lat'><strong>5</strong></span> <span class='ocrx_word' id='word_1_125' title='bbox 1031 1755 1094 1803; x_wconf 88' lang='lat' dir='ltr'>ad</span> <span class='ocrx_word' id='word_1_126' title='bbox 1125 1761 1164 1803; x_wconf 94' lang='lat' dir='ltr'>l.</span> 
     </span>
    </p>

    <p class='ocr_par' dir='ltr' id='par_1_10' title="bbox 406 1830 1799 2043">
     <span class='ocr_line' id='line_1_19' title="bbox 472 1830 1799 1895; baseline 0.002 -17"><span class='ocrx_word' id='word_1_127' title='bbox 472 1830 595 1878; x_wconf 86' lang='lat' dir='ltr'>Dico</span> <span class='ocrx_word' id='word_1_128' title='bbox 621 1831 945 1879; x_wconf 87' lang='lat' dir='ltr'>differentiam</span> <span class='ocrx_word' id='word_1_129' title='bbox 969 1831 1100 1878; x_wconf 88' lang='lat' dir='ltr'>inter</span> <span class='ocrx_word' id='word_1_130' title='bbox 1123 1831 1280 1894; x_wconf 89' lang='lat' dir='ltr'>majus</span> <span class='ocrx_word' id='word_1_131' title='bbox 1305 1838 1354 1878; x_wconf 92' lang='lat' dir='ltr'>et</span> <span class='ocrx_word' id='word_1_132' title='bbox 1390 1830 1552 1878; x_wconf 90' lang='lat' dir='ltr'>minus</span> <span class='ocrx_word' id='word_1_133' title='bbox 1576 1846 1799 1895; x_wconf 89' lang='lat' dir='ltr'>segmen-</span> 
     </span>
     <span class='ocr_line' id='line_1_20' title="bbox 406 1905 1799 1966; baseline 0.003 -14"><span class='ocrx_word' id='word_1_134' title='bbox 406 1912 511 1953; x_wconf 89' lang='lat' dir='ltr'>tum</span> <span class='ocrx_word' id='word_1_135' title='bbox 536 1906 660 1953; x_wconf 86' lang='lat' dir='ltr'>datae</span> <span class='ocrx_word' id='word_1_136' title='bbox 685 1906 771 1953; x_wconf 94' lang='lat' dir='ltr'>AB</span> <span class='ocrx_word' id='word_1_137' title='bbox 797 1906 964 1955; x_wconf 88' lang='lat' dir='ltr'>divisae</span> <span class='ocrx_word' id='word_1_138' title='bbox 988 1913 1206 1954; x_wconf 87' lang='lat' dir='ltr'>extrema</span> <span class='ocrx_word' id='word_1_139' title='bbox 1231 1913 1280 1954; x_wconf 90' lang='lat' dir='ltr'>et</span> <span class='ocrx_word' id='word_1_140' title='bbox 1304 1905 1466 1954; x_wconf 88' lang='lat' dir='ltr'>media</span> <span class='ocrx_word' id='word_1_141' title='bbox 1482 1907 1689 1966; x_wconf 86' lang='lat' dir='ltr'>ratione,</span> <span class='ocrx_word' id='word_1_142' title='bbox 1709 1907 1799 1956; x_wconf 90' lang='lat' dir='ltr'>du-</span> 
     </span>
     <span class='ocr_line' id='line_1_21' title="bbox 406 1979 776 2043; baseline 0 -16"><span class='ocrx_word' id='word_1_143' title='bbox 406 1979 537 2043; x_wconf 90' lang='lat' dir='ltr'>plam</span> <span class='ocrx_word' id='word_1_144' title='bbox 561 1996 662 2028; x_wconf 88' lang='lat' dir='ltr'>esse</span> <span class='ocrx_word' id='word_1_145' title='bbox 689 1981 776 2028; x_wconf 68' lang='grc' dir='ltr'>ΒΖ.</span> 
     </span>
    </p>

    <p class='ocr_par' dir='ltr' id='par_1_11' title="bbox 405 2054 1799 2933">
     <span class='ocr_line' id='line_1_22' title="bbox 474 2054 1799 2120; baseline 0.002 -17"><span class='ocrx_word' id='word_1_146' title='bbox 474 2055 729 2104; x_wconf 87' lang='lat' dir='ltr'>Dividatur</span> <span class='ocrx_word' id='word_1_147' title='bbox 752 2056 839 2104; x_wconf 91' lang='lat' dir='ltr'>AB</span> <span class='ocrx_word' id='word_1_148' title='bbox 862 2056 1088 2104; x_wconf 84' lang='lat' dir='ltr'>bifariam</span> <span class='ocrx_word' id='word_1_149' title='bbox 1120 2055 1171 2103; x_wconf 92' lang='lat' dir='ltr'>in</span> <span class='ocrx_word' id='word_1_150' title='bbox 1196 2055 1252 2104; x_wconf 91' lang='lat' dir='ltr'>G.</span> <span class='ocrx_word' id='word_1_151' title='bbox 1322 2054 1534 2119; x_wconf 86' lang='lat' dir='ltr'>Dempta</span> <span class='ocrx_word' id='word_1_152' title='bbox 1568 2071 1686 2120; x_wconf 85' lang='lat' dir='ltr'>ergo</span> <span class='ocrx_word' id='word_1_153' title='bbox 1710 2056 1799 2106; x_wconf 88' lang='lat' dir='ltr'>AG</span> 
     </span>
     <span class='ocr_line' id='line_1_23' title="bbox 407 2130 1798 2194; baseline 0.002 -16"><span class='ocrx_word' id='word_1_154' title='bbox 407 2146 436 2178; x_wconf 91' lang='lat' dir='ltr'>a</span> <span class='ocrx_word' id='word_1_155' title='bbox 459 2137 565 2178; x_wconf 87' lang='lat' dir='ltr'>tota</span> <span class='ocrx_word' id='word_1_156' title='bbox 589 2131 677 2190; x_wconf 71' lang='grc' dir='ltr'>ΑΖ,</span> <span class='ocrx_word' id='word_1_157' title='bbox 703 2131 888 2194; x_wconf 90' lang='lat' dir='ltr'>reliqua</span> <span class='ocrx_word' id='word_1_158' title='bbox 911 2131 984 2180; x_wconf 79' lang='lat' dir='ltr'>Gz</span> <span class='ocrx_word' id='word_1_159' title='bbox 1017 2138 1091 2179; x_wconf 87' lang='lat' dir='ltr'>est</span> <span class='ocrx_word' id='word_1_160' title='bbox 1127 2131 1283 2194; x_wconf 87' lang='lat' dir='ltr'>majus</span> <span class='ocrx_word' id='word_1_161' title='bbox 1322 2137 1630 2194; x_wconf 88' lang='lat' dir='ltr'>segmentum</span> <span class='ocrx_word' id='word_1_162' title='bbox 1669 2130 1798 2181; x_wconf 84' lang='lat' dir='ltr'>datae</span> 
     </span>
     <span class='ocr_line' id='line_1_24' title="bbox 407 2206 1798 2270; baseline 0.002 -18"><span class='ocrx_word' id='word_1_163' title='bbox 407 2206 510 2261; x_wconf 92' lang='lat' dir='ltr'>AB,</span> <span class='ocrx_word' id='word_1_164' title='bbox 536 2206 702 2255; x_wconf 88' lang='lat' dir='ltr'>divisae</span> <span class='ocrx_word' id='word_1_165' title='bbox 726 2214 945 2255; x_wconf 87' lang='lat' dir='ltr'>extrema</span> <span class='ocrx_word' id='word_1_166' title='bbox 968 2217 1018 2255; x_wconf 87' lang='lat' dir='ltr'>et</span> <span class='ocrx_word' id='word_1_167' title='bbox 1037 2206 1197 2254; x_wconf 88' lang='lat' dir='ltr'>media</span> <span class='ocrx_word' id='word_1_168' title='bbox 1214 2206 1421 2265; x_wconf 87' lang='lat' dir='ltr'>ratione,</span> <span class='ocrx_word' id='word_1_169' title='bbox 1436 2222 1524 2270; x_wconf 89' lang='lat' dir='ltr'>per</span> <span class='ocrx_word' id='word_1_170' title='bbox 1541 2206 1695 2255; x_wconf 90' lang='lat' dir='ltr'>Elem.</span> <span class='ocrx_word' id='word_1_171' title='bbox 1711 2207 1798 2255; x_wconf 83' lang='lat' dir='ltr'>xiii</span> 
     </span>
     <span class='ocr_line' id='line_1_25' title="bbox 406 2282 1797 2346; baseline 0.002 -18"><span class='ocrx_word' id='word_1_172' title='bbox 406 2296 543 2344; x_wconf 91' lang='lat' dir='ltr'>prop.</span> <span class='ocrx_word' id='word_1_173' title='bbox 576 2288 615 2329; x_wconf 93' lang='lat' dir='ltr'>l.</span> <span class='ocrx_word' id='word_1_174' title='bbox 685 2282 728 2329; x_wconf 95' lang='lat' dir='ltr'><strong>A</strong></span> <span class='ocrx_word' id='word_1_175' title='bbox 756 2291 940 2346; x_wconf 85' lang='lat' dir='ltr'>puncto</span> <span class='ocrx_word' id='word_1_176' title='bbox 965 2283 1010 2331; x_wconf 93' lang='lat' dir='ltr'>A</span> <span class='ocrx_word' id='word_1_177' title='bbox 1035 2283 1085 2330; x_wconf 92' lang='lat' dir='ltr'>in</span> <span class='ocrx_word' id='word_1_178' title='bbox 1110 2282 1214 2341; x_wconf 92' lang='lat' dir='ltr'>AB,</span> <span class='ocrx_word' id='word_1_179' title='bbox 1241 2290 1463 2330; x_wconf 86' lang='lat' dir='ltr'>sumatur</span> <span class='ocrx_word' id='word_1_180' title='bbox 1485 2282 1564 2329; x_wconf 85' lang='lat' dir='ltr'>Aa</span> <span class='ocrx_word' id='word_1_181' title='bbox 1597 2282 1797 2346; x_wconf 86' lang='lat' dir='ltr'>aequalis</span> 
     </span>
     <span class='ocr_line' id='line_1_26' title="bbox 407 2356 1797 2422; baseline 0.001 -18"><span class='ocrx_word' id='word_1_182' title='bbox 407 2356 493 2404; x_wconf 82' lang='lat' dir='ltr'>Gz.</span> <span class='ocrx_word' id='word_1_183' title='bbox 565 2357 808 2405; x_wconf 76' lang='lat' dir='ltr'>Quoniam</span> <span class='ocrx_word' id='word_1_184' title='bbox 849 2358 1000 2422; x_wconf 87' lang='lat' dir='ltr'>igitur</span> <span class='ocrx_word' id='word_1_185' title='bbox 1040 2366 1146 2406; x_wconf 90' lang='lat' dir='ltr'>tum</span> <span class='ocrx_word' id='word_1_186' title='bbox 1189 2357 1301 2416; x_wconf 91' lang='lat' dir='ltr'>AG,</span> <span class='ocrx_word' id='word_1_187' title='bbox 1323 2356 1424 2416; x_wconf 87' lang='lat' dir='ltr'>GB,</span> <span class='ocrx_word' id='word_1_188' title='bbox 1467 2364 1574 2405; x_wconf 85' lang='lat' dir='ltr'>tum</span> <span class='ocrx_word' id='word_1_189' title='bbox 1611 2357 1702 2416; x_wconf 85' lang='lat' dir='ltr'>Aa,</span> <span class='ocrx_word' id='word_1_190' title='bbox 1722 2357 1797 2406; x_wconf 84' lang='lat' dir='ltr'>Gz</span> 
     </span>
     <span class='ocr_line' id='line_1_27' title="bbox 407 2432 1797 2497; baseline 0.002 -19"><span class='ocrx_word' id='word_1_191' title='bbox 407 2438 520 2479; x_wconf 88' lang='lat' dir='ltr'>sunt</span> <span class='ocrx_word' id='word_1_192' title='bbox 544 2433 767 2495; x_wconf 79' lang='lat' dir='ltr'>aequales,</span> <span class='ocrx_word' id='word_1_193' title='bbox 793 2433 939 2481; x_wconf 88' lang='lat' dir='ltr'>etiam</span> <span class='ocrx_word' id='word_1_194' title='bbox 963 2433 1055 2492; x_wconf 89' lang='lat' dir='ltr'>Ga,</span> <span class='ocrx_word' id='word_1_195' title='bbox 1072 2433 1145 2481; x_wconf 68' lang='grc' dir='ltr'>ΒΖ</span> <span class='ocrx_word' id='word_1_196' title='bbox 1169 2439 1285 2480; x_wconf 87' lang='lat' dir='ltr'>sunt</span> <span class='ocrx_word' id='word_1_197' title='bbox 1308 2432 1533 2496; x_wconf 88' lang='lat' dir='ltr'>aequales.</span> <span class='ocrx_word' id='word_1_198' title='bbox 1602 2432 1666 2481; x_wconf 86' lang='lat' dir='ltr'>Et</span> <span class='ocrx_word' id='word_1_199' title='bbox 1681 2433 1797 2497; x_wconf 86' lang='lat' dir='ltr'>quia</span> 
     </span>
     <span class='ocr_line' id='line_1_28' title="bbox 407 2505 1796 2572; baseline 0.002 -19"><span class='ocrx_word' id='word_1_200' title='bbox 407 2505 485 2554; x_wconf 85' lang='lat' dir='ltr'>Aa</span> <span class='ocrx_word' id='word_1_201' title='bbox 512 2514 586 2554; x_wconf 86' lang='lat' dir='ltr'>est</span> <span class='ocrx_word' id='word_1_202' title='bbox 622 2509 776 2571; x_wconf 88' lang='lat' dir='ltr'>majus</span> <span class='ocrx_word' id='word_1_203' title='bbox 815 2516 1137 2571; x_wconf 87' lang='lat' dir='ltr'>segmentum,</span> <span class='ocrx_word' id='word_1_204' title='bbox 1162 2515 1466 2572; x_wconf 87' lang='lat' dir='ltr'>segmentum</span> <span class='ocrx_word' id='word_1_205' title='bbox 1503 2508 1665 2556; x_wconf 86' lang='lat' dir='ltr'>minus</span> <span class='ocrx_word' id='word_1_206' title='bbox 1702 2508 1796 2556; x_wconf 90' lang='lat' dir='ltr'>erit</span> 
     </span>
     <span class='ocr_line' id='line_1_29' title="bbox 406 2581 1795 2647; baseline 0.002 -18"><span class='ocrx_word' id='word_1_207' title='bbox 406 2581 497 2629; x_wconf 86' lang='lat' dir='ltr'>aB.</span> <span class='ocrx_word' id='word_1_208' title='bbox 567 2582 728 2645; x_wconf 91' lang='lat' dir='ltr'>Major</span> <span class='ocrx_word' id='word_1_209' title='bbox 749 2591 874 2646; x_wconf 80' lang='lat' dir='ltr'>&#39;ergo</span> <span class='ocrx_word' id='word_1_210' title='bbox 898 2591 974 2631; x_wconf 88' lang='lat' dir='ltr'>est</span> <span class='ocrx_word' id='word_1_211' title='bbox 1003 2583 1091 2642; x_wconf 83' lang='lat' dir='ltr'>Gz,</span> <span class='ocrx_word' id='word_1_212' title='bbox 1118 2591 1423 2647; x_wconf 84' lang='lat' dir='ltr'>segmentum</span> <span class='ocrx_word' id='word_1_213' title='bbox 1451 2584 1623 2647; x_wconf 85' lang='lat' dir='ltr'>majus,</span> <span class='ocrx_word' id='word_1_214' title='bbox 1647 2598 1795 2647; x_wconf 87' lang='lat' dir='ltr'>quam</span> 
     </span>
     <span class='ocr_line' id='line_1_30' title="bbox 406 2655 1796 2719; baseline 0.004 -16"><span class='ocrx_word' id='word_1_215' title='bbox 406 2655 497 2711; x_wconf 89' lang='lat' dir='ltr'>aB,</span> <span class='ocrx_word' id='word_1_216' title='bbox 522 2666 826 2719; x_wconf 88' lang='lat' dir='ltr'>segmentum</span> <span class='ocrx_word' id='word_1_217' title='bbox 852 2659 1026 2718; x_wconf 88' lang='lat' dir='ltr'>minus,</span> <span class='ocrx_word' id='word_1_218' title='bbox 1054 2659 1242 2708; x_wconf 87' lang='lat' dir='ltr'>duabus</span> <span class='ocrx_word' id='word_1_219' title='bbox 1266 2659 1414 2708; x_wconf 84' lang='lat' dir='ltr'>rectis</span> <span class='ocrx_word' id='word_1_220' title='bbox 1450 2659 1536 2718; x_wconf 81' lang='lat' dir='ltr'>Bz,</span> <span class='ocrx_word' id='word_1_221' title='bbox 1553 2659 1629 2708; x_wconf 86' lang='lat' dir='ltr'>Ga</span> <span class='ocrx_word' id='word_1_222' title='bbox 1665 2659 1796 2708; x_wconf 87' lang='lat' dir='ltr'>inter</span> 
     </span>
     <span class='ocr_line' id='line_1_31' title="bbox 407 2732 1794 2799; baseline 0.004 -21"><span class='ocrx_word' id='word_1_223' title='bbox 407 2746 458 2778; x_wconf 88' lang='lat' dir='ltr'>se</span> <span class='ocrx_word' id='word_1_224' title='bbox 481 2732 760 2795; x_wconf 81' lang='lat' dir='ltr'>aequalibuS,</span> <span class='ocrx_word' id='word_1_225' title='bbox 787 2733 836 2781; x_wconf 94' lang='lat' dir='ltr'>id</span> <span class='ocrx_word' id='word_1_226' title='bbox 860 2742 934 2782; x_wconf 82' lang='lat' dir='ltr'>est</span> <span class='ocrx_word' id='word_1_227' title='bbox 958 2734 1106 2798; x_wconf 89' lang='lat' dir='ltr'>dupla</span> <span class='ocrx_word' id='word_1_228' title='bbox 1124 2735 1212 2783; x_wconf 82' lang='lat' dir='ltr'>Bz.</span> <span class='ocrx_word' id='word_1_229' title='bbox 1270 2734 1560 2783; x_wconf 86' lang='lat' dir='ltr'>Differentia</span> <span class='ocrx_word' id='word_1_230' title='bbox 1583 2750 1701 2799; x_wconf 87' lang='lat' dir='ltr'>ergo</span> <span class='ocrx_word' id='word_1_231' title='bbox 1718 2735 1794 2784; x_wconf 87' lang='lat' dir='ltr'>in-</span> 
     </span>
     <span class='ocr_line' id='line_1_32' title="bbox 405 2807 1790 2874; baseline 0.005 -21"><span class='ocrx_word' id='word_1_232' title='bbox 405 2815 482 2854; x_wconf 83' lang='lat' dir='ltr'>ter</span> <span class='ocrx_word' id='word_1_233' title='bbox 526 2807 681 2870; x_wconf 84' lang='lat' dir='ltr'>majus</span> <span class='ocrx_word' id='word_1_234' title='bbox 727 2816 776 2856; x_wconf 87' lang='lat' dir='ltr'>et</span> <span class='ocrx_word' id='word_1_235' title='bbox 822 2809 979 2857; x_wconf 90' lang='lat' dir='ltr'>minus</span> <span class='ocrx_word' id='word_1_236' title='bbox 1026 2818 1332 2873; x_wconf 86' lang='lat' dir='ltr'>segmentum</span> <span class='ocrx_word' id='word_1_237' title='bbox 1380 2808 1529 2874; x_wconf 84' lang='lat' dir='ltr'>dupla</span> <span class='ocrx_word' id='word_1_238' title='bbox 1569 2817 1658 2870; x_wconf 84' lang='lat' dir='ltr'>est,</span> <span class='ocrx_word' id='word_1_239' title='bbox 1695 2818 1790 2861; x_wconf 85' lang='lat' dir='ltr'>ete.</span> 
     </span>
     <span class='ocr_line' id='line_1_33' title="bbox 409 2881 1155 2933; baseline 0.005 -3"><span class='ocrx_word' id='word_1_240' title='bbox 409 2881 554 2930; x_wconf 79' lang='lat' dir='ltr'>Quod</span> <span class='ocrx_word' id='word_1_241' title='bbox 580 2891 685 2930; x_wconf 85' lang='lat' dir='ltr'>erat</span> <span class='ocrx_word' id='word_1_242' title='bbox 709 2883 1155 2933; x_wconf 84' lang='lat' dir='ltr'>demonstrandum.</span> 
     </span>
    </p>
   </div>
  </div>
 </body>
</html>
