1982 3204
285 218 332 265 vi
976 233 1173 268 1NDEx.

327 339 416 366 trum
446 333 582 366 sectoris
612 334 719 374 solidi,
742 339 792 368 est
820 334 855 367 in
877 346 939 367 axe
960 335 1065 368 diviso

328 388 394 427 qua
408 377 544 411 ratione.
560 377 583 410 i.
593 382 655 410 302
664 384 863 411 z—centrum
875 378 1066 422 hemisphae-

327 420 380 459 rii,
396 420 453 452 ubi
468 426 527 453 est.
543 420 564 453 i.
578 426 651 454 304.

285 464 850 514 AEQumomenM—praecessionis
859 465 1063 498 causa.i.358.

284 507 546 543 AEQmus—de
561 518 608 546 ea,
623 518 659 540 m
670 509 746 551 jure
761 508 998 547 distribuendo,
1010 509 1062 540 lex

326 556 453 582 naturae
473 553 594 583 decima.
610 550 645 583 ii.
658 556 734 591 190.
754 551 801 585 iii.
821 556 1008 584 ll9z-eam
1029 551 1063 583 in

327 594 559 626 controversiis
574 594 745 627 hominum
765 594 961 638 intelligere,
977 595 1063 627 unde

327 636 498 678 dependet.
510 637 557 670 iii.
574 641 647 670 205.

284 680 617 720 AEinvocs—sunt,
633 691 693 713 nec
708 691 747 713 ea
765 681 973 724 perobscura,
990 692 1064 723 quae

327 723 447 756 fallunt
473 723 657 766 aliquando.
685 724 706 756 i.
728 725 861 757 562—in
879 724 1064 767 aequovocis

326 777 393 798 non
407 777 468 809 per
482 778 517 799 se
532 767 724 807 manifestis,
738 767 866 799 fallacia
888 768 999 810 aliqua
1013 767 1064 799 in·

327 820 399 842 esse
413 815 531 853 potest.
547 809 568 842 i.
586 814 636 843 56.

283 853 480 896 AER—ejus
509 852 762 896 compressionis
791 854 1064 896 experimentum,

327 907 464 928 vacuum
480 907 546 928 non
560 897 687 939 probat.
702 897 723 928 i.
739 901 851 930 344—6.
867 897 909 929 iv.
923 901 1034 930 274·5.

325 939 362 971 in
384 940 527 972 nubibus
549 939 677 979 inclusi,
693 940 828 972 effectus
844 940 927 983 quis.
951 940 973 973 i.
989 944 1063 973 382.

326 982 400 1015 duae
415 989 535 1026 partes,
551 983 675 1025 quales.
690 983 713 1015 i.
729 987 801 1015 391.

326 1037 399 1058 esse
421 1037 549 1069 corpus,
572 1037 638 1058 non
661 1037 720 1069 per
742 1037 777 1058 se
800 1026 1018 1059 manifestum.
1042 1026 1062 1059 i.

325 1073 390 1101 424
398 1067 513 1108 :—aer,
535 1069 673 1111 aliaeque
695 1080 748 1101 res
770 1069 892 1108 multae,
909 1070 971 1102 etsi
997 1081 1063 1101 non

326 1112 431 1144 oculis
446 1112 678 1151 discernendae‚
693 1123 829 1155 corpora
845 1119 954 1145 tamen
976 1119 1061 1145 sunt.

325 1155 373 1188 iii.
389 1160 452 1189 476
465 1168 570 1188 ε-αεν
584 1161 618 1188 et
640 1158 812 1187 snbstantiae
826 1158 927 1195 varioe,
942 1156 978 1187 in
995 1167 1062 1188 ser-

326 1209 424 1231 mone
439 1198 540 1241 vulgi,
563 1209 628 1231 non
652 1199 815 1231 habentur
836 1210 896 1241 pro
916 1199 1062 1242 corpori-

326 1242 398 1281 bus,
415 1242 474 1274 sed
488 1253 547 1284 pro
563 1242 743 1284 spiritibus.
759 1241 807 1274 iii.
825 1246 896 1275 281.

326 1297 368 1317 ex
385 1286 456 1328 ejus
478 1285 656 1327 suppositis
678 1285 874 1327 quibusdam
896 1285 1063 1328 qualitati-

326 1328 388 1360 bus
415 1328 594 1360 verendum
618 1333 668 1360 est
697 1339 738 1360 ne
764 1329 805 1360 ab
830 1328 1064 1371 experimentis

325 1371 518 1404 Academiae
540 1371 760 1403 Londinensis
775 1372 971 1404 concludant
993 1382 1064 1414 spa-

326 1415 410 1447 tium
426 1425 496 1447 esse
512 1425 662 1453 vacuum,
678 1420 711 1447 et
726 1415 766 1446 ab
781 1426 820 1447 eo
836 1426 960 1454 rursus,
977 1415 1064 1457 quod

326 1457 467 1500 spatium
483 1463 534 1490 est
548 1469 695 1497 vacuum,
705 1457 805 1490 talem
814 1458 952 1500 probare
962 1458 1065 1491 velint

326 1512 397 1533 esse
412 1507 563 1534 naturam
582 1501 667 1533 aeris
678 1501 807 1544 qualem
817 1507 1064 1545 supposuerant.

324 1544 367 1576 iv.
388 1548 462 1577 244.

326 1589 397 1637 ejus
412 1593 538 1626 natura,
555 1587 670 1630 qualis.
685 1587 728 1620 iv.
745 1591 818 1621 244.

326 1642 355 1663 Sl
387 1631 458 1674 ejus
483 1637 594 1674 partes
621 1637 732 1663 essent
760 1630 890 1664 infinite
917 1631 1064 1671 subtiles,

326 1674 454 1706 sublata
479 1674 609 1706 videtur
632 1674 866 1717 consequentia
894 1686 914 1707 a
942 1681 1063 1707 retrac-

325 1717 415 1750 tione
430 1720 556 1750 sacraris
571 1717 611 1750 ad
626 1718 735 1750 locum
750 1729 897 1750 vacuum.
910 1718 952 1751 iv.
969 1723 1042 1752 246.

327 1761 509 1804 suppositio
525 1761 715 1793 Academiae
739 1761 969 1800 Londinensis,
994 1762 1063 1794 aeri

325 1803 361 1836 in
384 1815 449 1847 quo
462 1803 602 1836 vivimus
623 1804 731 1836 inesse
746 1804 813 1836 vim
828 1804 1004 1837 elasticam.
1019 1805 1062 1838 iv.

324 1890 481 1923 elastrum
496 1890 584 1933 quod
599 1896 789 1933 supponunt
809 1890 904 1930 aeris,
921 1896 978 1924 aut
1000 1891 1062 1923 im-

349 1933 480 1966 ossibile
510 1940 570 1972 est,
595 1940 651 1966 aut
680 1934 916 1966 recurrendum
942 1940 993 1967 est
1021 1934 1062 1967 ad

324 1944 526 2020 iiypothesin
541 1976 750 2009 Hobbianam
765 1977 806 2009 de
821 1983 914 2010 motu
928 1977 1062 2010 restitu-

323 2020 434 2053 tionis.
450 2020 493 2053 iv.
509 2024 583 2053 249.

322 2063 490 2113 particulae
518 2068 635 2096 terreae
664 2074 852 2106 aqueaeqoe,
882 2075 956 2106 quae
993 2064 1061 2097 aeri

322 2112 532 2150 interspersae
557 2107 809 2149 atmosphaeram
831 2106 966 2146 faciunt,
991 2118 1062 2140 mo-

324 2156 395 2182 tum
407 2150 530 2182 habent
544 2152 718 2181 circularem
732 2152 890 2191 simplicem
905 2151 1061 2193 congeni-

324 2198 404 2226 tum.
416 2193 459 2226 iv.
472 2197 534 2226 253
543 2206 582 2225 :-
591 2194 697 2236 major
706 2200 757 2225 est
769 2193 933 2235 quantitas
948 2205 1059 2227 earum

323 2236 558 2279 particularum
583 2236 619 2268 in
643 2247 718 2268 aere
740 2247 842 2279 prope
864 2236 906 2269 ad
928 2242 1060 2276 terram,

324 2290 422 2322 quam
436 2279 472 2312 in
487 2290 563 2312 aere
577 2290 597 2311 a
611 2284 700 2312 terra
714 2279 900 2312 remotiore.
913 2280 993 2313 ibid.

322 2334 424 2365 quare
436 2334 455 2355 a
468 2322 571 2355 fundo
582 2322 681 2355 maris
692 2323 734 2355 ad
749 2322 955 2366 superficiem
967 2334 1060 2366 aquae

322 2366 482 2399 ascendit.
497 2365 540 2399 iv.
556 2370 630 2398 255.

322 2420 406 2442 anne
428 2409 629 2452 ponderatur
647 2408 683 2441 in
704 2408 777 2442 loco
792 2419 903 2442 vacuo.
918 2409 961 2442 iv.
978 2414 1057 2443 261:

321 2452 395 2486 —si
414 2463 482 2485 non
507 2451 650 2491 inflatus,
674 2452 731 2485 sed
755 2452 904 2484 inclusus
930 2458 1057 2485 tantum

366 2495 520 2528 ndei-atus
535 2501 631 2535 esset,
646 2500 725 2528 tunc
739 2495 963 2528 meditandum
1004 2496 1059 2528 uid

346 2539 498 2572 icendum
512 2538 553 2571 de
568 2539 784 2581 phaenomeno
799 2538 915 2572 vesicae
937 2538 972 2571 in
997 2545 1058 2572 stae

322 2588 356 2615 et
371 2582 407 2614 in
421 2581 599 2625 recipiente
615 2592 790 2624 suspensae.
805 2581 847 2614 iv.
863 2586 936 2615 262.

322 2636 379 2658 aer
394 2636 492 2668 quem
507 2630 618 2658 suctor
639 2624 770 2667 ingredi
792 2624 884 2667 cogit
902 2625 989 2658 inter
1003 2636 1057 2658 su-

321 2668 490 2712 perficiem
510 2667 651 2701 suctoris
672 2678 852 2700 convexam
868 2674 902 2700 et
916 2668 1059 2712 cylindri

321 2722 506 2751 concavam,
522 2722 619 2754 quem
634 2710 788 2754 deinceps
802 2722 934 2743 cursum
950 2711 1057 2744 habet.

1133 335 1218 367 aeris
1233 338 1370 367 conatus
1384 333 1494 366 nullus
1509 340 1560 367 est
1574 334 1616 367 ad
1630 338 1779 367 centrum
1802 338 1869 367 ter*

1133 389 1189 418 ηε,
1205 378 1309 427 magis
1324 389 1423 420 quam
1437 378 1479 410 ad
1501 378 1591 410 aliud
1605 377 1744 421 quodvis
1765 387 1868 421 punc-

1133 427 1202 453 tum
1218 421 1372 454 universi.
1386 421 1428 453 iv.
1444 425 1517 454 269.
1864 423 1868 426 ”

1131 464 1304 507 phantasia
1317 465 1389 508 ejus
1404 464 1452 496 vis
1467 464 1610 497 elasticoe
1624 463 1693 496 sive
1703 464 1868 504 anun-pac,

1133 507 1296 540 somnium
1311 513 1370 540 est.
1385 507 1430 539 iv.
1444 511 1520 541 271.

1131 550 1287 583 Plenistae
1302 550 1466 594 quomodo
1480 561 1589 583 aerem
1610 549 1810 593 intelligunt.
1825 548 1870 582 ir.

1131 648 1205 669 eum
1221 637 1351 670 facilius
1366 647 1464 679 quam
1479 636 1544 669 alia
1564 647 1713 679 corpora,
1727 646 1748 668 a
1761 645 1797 668 se
1816 645 1868 668 re-

1127 680 1204 724 jicit
1220 686 1317 713 terra.
1333 680 1375 712 iv.
1391 684 1453 713 305
1463 680 1550 712 :-id
1566 680 1604 712 fit
1617 685 1711 712 motu
1723 680 1869 711 circulari

1131 726 1265 765 simplici.
1281 724 1323 756 iv.
1339 728 1565 773 3loz—quare
1579 723 1621 756 iv.
1636 726 1710 755 311.

1131 774 1240 799 motus
1262 768 1344 810 ejus,
1364 767 1480 809 rejecn
1502 777 1522 798 a
1543 772 1642 805 terra,
1664 776 1733 798 non
1753 769 1806 798 est
1826 764 1869 797 ad

1132 815 1253 842 terram
1275 809 1566 854 perpendicularis,
1586 809 1645 842 sed
1666 807 1773 842 tendit
1792 818 1868 851 par·

1132 853 1192 886 tim
1224 853 1260 886 in
1282 853 1395 893 altum,
1421 853 1543 896 partim
1564 863 1678 885 versus
1699 851 1803 895 polos.
1824 851 1869 884 iv.

1131 951 1231 982 quare
1247 939 1308 972 sub
1322 939 1412 982 ipsos
1426 939 1520 982 polos
1534 950 1601 972 non
1615 939 1720 972 multo
1741 937 1868 971 tardius

1130 989 1289 1021 movetur,
1305 994 1402 1025 quam
1417 982 1505 1015 inter
1519 982 1672 1026 tropicos.
1685 982 1728 1015 iv.
1743 985 1869 1014 310:—

1131 1027 1202 1069 ejus
1217 1032 1326 1058 motus
1341 1026 1545 1068 aliquantum
1559 1031 1700 1069 augetur
1720 1029 1869 1057 motuum

1130 1069 1365 1112 compositione
1383 1069 1591 1101 circularium
1613 1068 1812 1112 simplicium
1831 1067 1869 1100 in

1132 1113 1210 1152 sole,
1227 1114 1314 1151 luna,
1330 1112 1443 1145 stellis.
1458 1112 1541 1145 ibid.

1131 1156 1230 1188 habet
1244 1155 1559 1188 concamerationem
1574 1155 1716 1199 qualem.
1729 1155 1776 1190 iv,
1792 1159 1868 1198 270,

1130 1242 1166 1274 in
1181 1253 1255 1274 aere
1270 1242 1434 1284 gravitare
1449 1253 1515 1274 non
1529 1247 1646 1285 potest.
1661 1241 1704 1275 iv.
1719 1246 1794 1277 322.

1132 1296 1206 1318 eum
1231 1285 1369 1328 dissipat
1394 1291 1502 1317 motus
1521 1286 1556 1317 in
1572 1285 1650 1325 sole,
1665 1285 1753 1326 luna,
1768 1292 1868 1327 terra,

1132 1335 1166 1361 et
1187 1328 1312 1361 caeteris
1332 1328 1439 1368 astris,
1454 1328 1624 1361 circularis
1647 1328 1799 1372 simplex.
1822 1330 1867 1364 iv.

1133 1397 1206 1458 ejus:
1227 1414 1387 1458 proximae
1409 1420 1529 1457 partes,
1551 1414 1674 1447 mundo
1696 1415 1868 1466 supposito

1131 1459 1240 1501 pleno,
1266 1469 1326 1501 per
1348 1458 1537 1490 continuam
1562 1458 1628 1491 loci
1653 1465 1868 1492 mutationem

1132 1502 1312 1534 succedunt
1325 1501 1479 1534 inlocum
1492 1502 1702 1545 disjectarum
1713 1501 1868 1545 partium,

1133 1556 1193 1578 nec
1209 1556 1310 1577 vacua
1324 1555 1396 1577 esse
1411 1545 1533 1578 sinunt.
1546 1545 1590 1577 iv.
1607 1548 1681 1578 327.

1133 1588 1233 1620 maris
1248 1594 1282 1621 et
1295 1594 1394 1621 terrae
1407 1594 1517 1631 partes
1538 1587 1741 1621 fluidissimae
1756 1593 1791 1621 et
1804 1588 1868 1622 mi·

1132 1631 1324 1670 nutissimae,
1349 1631 1513 1674 quomodo
1539 1637 1712 1674 surgentes
1737 1632 1806 1665 aeri
1829 1643 1866 1665 se

1132 1675 1328 1707 immiscent.
1343 1674 1385 1707 iv.
1401 1679 1474 1708 241.

1132 1718 1161 1750 si
1177 1718 1261 1761 quis,
1283 1729 1320 1751 os
1341 1717 1461 1760 phialae
1483 1723 1632 1760 apertum
1651 1717 1753 1751 labris
1775 1729 1866 1752 com·

1131 1762 1288 1804 plectens,
1304 1772 1412 1794 aerem
1427 1761 1517 1794 intus
1531 1767 1722 1794 contentum
1730 1767 1868 1795 conetur

1132 1816 1172 1838 ex
1178 1816 1286 1847 ugere,
1302 1815 1404 1847 quare
1418 1804 1511 1836 labra
1523 1805 1602 1837 inde
1626 1804 1803 1838 difficulter
1815 1805 1866 1838 di·

1131 1849 1208 1881 velli
1223 1848 1352 1880 sentiet.
1367 1847 1410 1880 iv.
1427 1852 1500 1886 2⁵9,
1511 1852 1584 1886 260,
1593 1852 1656 1881 326
1664 1848 1865 1892 z-ejusdem

1129 1891 1250 1942 phialae
1265 1902 1321 1923 ore
1335 1891 1371 1924 in
1386 1902 1504 1933 aquam
1517 1890 1684 1930 immerso,
1698 1901 1759 1924 cur
1779 1902 1866 1935 aqua

1130 1946 1165 1967 ιι]
1188 1935 1331 1978 phialam
1347 1934 1503 1967 ascendit.
1517 1934 1560 1967 iv.
1575 1938 1650 1973 259,
1664 1938 1739 1974 260,
1753 1939 1864 1968 325-6.

1087 1977 1339 2021 AEs‘rmo—qui
1362 1988 1397 2010 se
1418 1983 1508 2010 recte
1521 1978 1703 2016 aestimant.
1714 1988 1757 2010 ex
1770 1978 1866 2011 fictis

1129 2022 1198 2054 suis
1218 2020 1395 2064 prseteritis
1417 2031 1452 2053 se
1474 2020 1694 2054 aestimannii.
1707 2021 1866 2054 losz-ab

1131 2064 1346 2097 mstimatione
1371 2063 1422 2096 sui
1444 2063 1636 2099 simultates.
1648 2063 1816 2103 factiones,
1831 2070 1867 2098 et

1129 2108 1252 2141 bellum
1267 2107 1359 2140 nasci
1372 2107 1464 2139 solet.
1479 2106 1528 2138 iii.
1545 2110 1603 2139 137
1615 2106 1716 2139 z—sui
1729 2107 1868 2140 estima-

1129 2151 1177 2184 tio
1192 2151 1299 2184 tendit
1313 2150 1355 2183 ad
1368 2150 1539 2183 insaniam.
1553 2149 1601 2182 iii.
1613 2153 1666 2182 59.

1088 2193 1356 2228 AEsrus—maris
1378 2193 1551 2232 Atlantici,
1577 2192 1760 2236 Hispani&
1788 2194 1865 2227 Bri-

1130 2237 1263 2276 tannici,
1278 2244 1312 2270 et
1327 2235 1528 2275 Germanici,
1539 2235 1626 2268 unde
1640 2242 1830 2270 nascuntur.
1841 2237 1866 2271 i.

1127 2284 1202 2314 358.
1212 2280 1255 2313 iv.
1263 2283 1386 2313 313-14
1398 2284 1610 2322 ;-αιι3ειιιιιι·
1620 2285 1754 2323 propter
1764 2280 1865 2324 quod.

1128 2323 1150 2356 i.
1166 2327 1241 2356 358.

1130 2366 1264 2405 Oceani,
1280 2377 1355 2409 quaa
1369 2376 1467 2398 causa
1480 2370 1539 2398 est.
1555 2365 1597 2398 iv·
1613 2369 1687 2398 313.

1129 2420 1230 2453 quare
1252 2409 1287 2442 in
1303 2408 1479 2441 noviluniis
1499 2414 1533 2441 et
1555 2408 1746 2451 pleniluniis
1763 2414 1864 2444 mas

1128 2452 1248 2485 marini
1274 2452 1450 2495 insigniter
1479 2457 1651 2494 augentur.
1673 2452 1716 2486 iv.
1739 2456 1864 2487 ⁸1⁴:—

1129 2507 1230 2539 quare
1241 2496 1275 2528 in
1287 2494 1497 2538 aequinoctiis
1509 2495 1593 2528 fiunt
1603 2495 1749 2529 omnium
1758 2496 1865 2530 multo

1128 2538 1274 2571 maximi.
1290 2539 1332 2571 iv.
1348 2542 1421 2571 315.

1127 2593 1226 2615 causa
1244 2582 1333 2614 illius
1355 2587 1454 2614 aestus
1475 2580 1622 2632 ingentis
1643 2581 1701 2632 qui
1721 2581 1864 2626 singulis

1127 2625 1304 2659 noviluniis
1319 2630 1353 2658 et
1366 2625 1556 2668 pleniluniis
1577 2630 1725 2658 cermtur
1743 2625 1779 2658 in
1801 2625 1862 2659 ssu-

1127 2668 1216 2701 mine
1238 2668 1387 2701 Sabriuae
1408 2674 1442 2701 et
1462 2668 1499 2701 in
1519 2668 1617 2701 litore
1637 2668 1711 2711 agri
1730 2668 1865 2702 nacol-

1127 2712 1250 2744 nensis.
1265 2711 1308 2744 iv.
1322 2715 1396 2745 316.

320 2755 363 2788 iv.
377 2759 478 2788 2634
486 2768 533 2788 :-
559 2765 636 2787 uare
647 2755 804 2798 majorem
812 2754 1056 2787 consistentiam
1085 2754 1619 2794 AE'rnnn—fluidissimunlocum
1631 2753 1777 2788 universi
1786 2754 1863 2788 nul-

323 2799 423 2832 habet
446 2809 502 2831 aer
519 2797 543 2830 il
558 2808 586 2837 e,
602 2808 699 2840 quam
717 2797 745 2829 si
770 2803 878 2840 partes
900 2798 971 2841 ejus
986 2798 1057 2831 solo

321 2847 475 2875 contactu
489 2842 776 2891 conjungerentur.
791 2840 834 2873 iv.
849 2845 923 2874 264.

1127 2798 1194 2830 lum
1211 2798 1368 2841 relinquit
1380 2809 1526 2831 vacuum.
1539 2797 1561 2831 i.
1576 2801 1650 2830 348.

1127 2842 1199 2884 ejus
1213 2841 1397 2874 substantia
1409 2841 1519 2891 gravis
1533 2851 1600 2874 non
1614 2845 1674 2874 est.
1690 2840 1734 2874 iv.
1749 2844 1823 2875 251.

321 2886 394 2926 ejus
413 2884 628 2918 consistentia
649 2894 670 2916 a
689 2889 782 2917 motu
801 2889 852 2916 cst
874 2894 934 2927 per
953 2884 1056 2919 lineas
1083 2884 1358 2918 AEwuuuun—in
1373 2884 1568 2935 quibusdam
1581 2882 1663 2916 locis
1677 2883 1862 2928 Scriptum-

320 2928 556 2962 diamctraliter
570 2926 745 2972 oppositae.
760 2926 802 2961 iv.
818 2930 892 2962 267.

1126 2938 1199 2961 rum
1210 2927 1297 2961 idem
1310 2927 1495 2972 significare
1506 2926 1646 2967 videtur,
1658 2926 1747 2971 quod
1757 2938 1862 2972 usque
