1982 3204
408 255 497 298 162
703 265 990 300 PRINCIPIA
1017 266 1085 299 ET
1111 265 1486 299 PROBLEMATA-

172 391 262 417 οη.
284 392 328 419 11.
400 375 716 439 portionales,
759 385 810 426 et
856 378 918 426 ab
965 377 1136 425 eadem
1185 377 1508 425 antecedente
1546 384 1646 425 tres
1684 378 1792 426 aliae

158 476 335 506 pamm,
403 451 636 499 continue
663 453 1068 516 proportionales,
1094 452 1220 500 ratio
1255 452 1442 500 ultimae
1476 452 1540 500 ad
1570 452 1791 500 ultimam

403 527 496 575 erit
519 527 722 574 rationis
747 528 974 576 secundae
993 528 1053 576 ad
1079 527 1343 575 secundam
1368 527 1638 590 duplicata:
1662 535 1720 575 ut
1741 528 1794 575 in

402 603 479 650 his
503 604 716 651 numeris
740 604 1051 651 manifestum
1075 611 1165 661 est,
1187 610 1233 662 2,
1253 609 1300 661 4,
1322 609 1369 661 8,
1395 611 1445 651 et
1465 610 1512 662 2,
1538 608 1586 661 6,
1617 609 1691 662 18,
1716 619 1794 651 ra-

402 678 473 726 tio
505 684 562 726 18
587 678 651 726 ad
675 683 704 726 8
731 678 980 742 duplicata
1003 685 1077 726 est
1100 679 1303 726 rationis
1328 684 1358 726 6
1383 678 1445 725 ad
1471 680 1516 726 4.
1587 678 1717 726 Nam
1738 685 1796 726 ut

409 759 468 802 18
492 753 556 802 ad
580 759 626 812 8,
651 754 722 802 ita
746 761 819 802 est
849 760 879 802 9
914 755 978 802 ad
1009 761 1055 802 4.
1129 753 1227 801 Sed
1262 759 1293 802 9
1333 753 1396 802 ad
1432 761 1460 802 4
1497 753 1795 817 duplicatam

402 828 551 877 habet
574 830 816 877 rationem
840 836 870 877 6
895 829 958 877 ad
982 837 1010 876 4
1042 829 1214 891 (Elem.
1242 830 1337 877 xiv.
1354 845 1492 893 prop.
1511 834 1616 888 28).

471 919 548 952 lx.
577 905 954 968 Componuntur
990 906 1091 952 sive
1126 905 1268 953 simul
1304 904 1553 953 adduntur
1585 905 1695 953 duae
1718 920 1797 952 ra-

401 980 578 1039 tiones,
605 980 800 1043 quando
842 980 1178 1043 multiplicatis
1212 981 1341 1028 inter
1378 997 1429 1028 se
1458 988 1564 1028 tum
1599 988 1795 1028 antece-

403 1055 630 1103 dentibus
669 1062 775 1103 tum
818 1056 1229 1119 consequentibus
1266 1057 1324 1104 fit
1361 1056 1503 1104 ratio.
1573 1055 1797 1119 Exempli

403 1146 581 1178 eausa:
617 1130 657 1177 si
690 1130 816 1178 ratio
841 1137 870 1178 2
897 1130 960 1178 ad
985 1137 1014 1178 3
1038 1130 1266 1178 addenda
1299 1131 1362 1179 sit
1388 1131 1566 1179 rationi
1596 1137 1626 1178 4
1659 1131 1723 1179 ad
1748 1137 1795 1188 5,

401 1206 792 1269 multiplicentur
814 1207 944 1254 inter
962 1222 1014 1254 se
1032 1207 1379 1255 antecedentes
1398 1213 1426 1255 2
1454 1215 1502 1255 et
1527 1213 1581 1255 4:
1606 1207 1797 1256 faciunt

404 1288 568 1329 autem
593 1285 638 1328 8.
710 1281 901 1329 Deinde
941 1282 1327 1345 multiplicentur
1365 1283 1496 1330 inter
1535 1298 1586 1330 se
1624 1298 1796 1331 conse-

403 1364 608 1419 quentes
633 1362 662 1404 3
689 1363 739 1404 et
764 1362 820 1404 5:
859 1372 968 1419 quae
991 1356 1179 1405 faciunt
1210 1363 1285 1406 15.
1358 1357 1470 1406 Quo
1493 1357 1644 1416 facto,
1667 1358 1796 1407 ratio

405 1432 677 1495 composita
700 1448 761 1479 ex
783 1431 1054 1479 rationibus
1079 1438 1108 1480 2
1137 1432 1200 1479 ad
1225 1438 1254 1480 3
1282 1439 1332 1480 et
1356 1438 1384 1479 4
1411 1432 1474 1480 ad
1500 1438 1545 1491 5,
1571 1441 1648 1481 est
1670 1434 1796 1482 ratio

404 1511 433 1555 8
458 1507 522 1555 ad
551 1513 626 1566 15,
651 1507 920 1555 secundum
943 1508 1080 1556 Eucl.
1105 1507 1258 1556 Elem.
1278 1508 1343 1564 vi,
1368 1507 1465 1556 def.
1484 1514 1529 1555 5.

470 1598 526 1631 x.
562 1583 754 1631 Aliter:
793 1583 834 1630 si
868 1584 956 1631 fiat
990 1590 1046 1631 ut
1069 1590 1098 1631 4
1121 1583 1185 1631 ad
1210 1590 1237 1631 5
1263 1584 1334 1631 ita
1359 1590 1390 1632 3
1412 1583 1475 1632 ad
1499 1584 1662 1642 aliam,
1686 1600 1796 1649 quae

403 1659 497 1707 erit
531 1665 615 1717 33:
651 1659 745 1707 erit
779 1660 906 1707 ratio
940 1666 969 1707 2
1007 1659 1071 1707 ad
1107 1659 1180 1718 ΒΞ,
1219 1659 1291 1722 (id
1332 1666 1422 1719 est,
1462 1659 1796 1723 multiplicatis

402 1735 624 1798 utrisque
665 1751 753 1798 per
778 1741 824 1793 4,
861 1741 890 1783 8
916 1735 978 1783 ad
1010 1735 1106 1798 15),
1141 1751 1199 1784 ea
1236 1751 1346 1799 quae
1385 1735 1699 1800 componitur
1735 1751 1796 1783 ex

404 1810 675 1858 rationibus
699 1816 728 1858 2
755 1810 818 1858 ad
843 1817 871 1858 3
897 1818 947 1858 et
969 1817 998 1858 4
1024 1810 1088 1859 ad
1114 1816 1159 1859 5.

471 1900 550 1933 xi.
592 1886 898 1933 Substractio
932 1886 1136 1934 rationis
1160 1902 1189 1934 a
1212 1886 1419 1945 ratione,
1444 1886 1499 1934 fit
1532 1885 1796 1935 dividendo

405 1961 705 2023 quantitates
724 1961 927 2009 rationis
951 1962 1156 2025 integrae
1179 1978 1267 2026 per
1285 1962 1659 2010 antecedentem
1682 1963 1797 2010 sub-

404 2036 657 2096 ducendae,
683 2044 733 2084 et
757 2045 1139 2099 consequentem
1176 2038 1383 2100 integrae
1418 2053 1506 2101 per
1535 2046 1796 2102 utramque

404 2111 787 2160 subducendam.
857 2112 1148 2176 Exemplum
1169 2132 1181 2161 :
1216 2114 1344 2161 ratio
1372 2114 1567 2177 integra
1590 2114 1653 2162 sit
1677 2119 1708 2162 8
1731 2113 1796 2162 ad

408 2191 466 2234 15
511 2187 827 2235 subducenda
858 2193 887 2235 4
921 2187 983 2235 ad
1021 2194 1065 2235 5.
1138 2188 1316 2236 Divido
1355 2194 1385 2237 8
1418 2197 1467 2236 et
1513 2195 1568 2237 15
1607 2205 1695 2253 per
1736 2196 1794 2238 4:

402 2262 679 2324 quotientes
716 2269 831 2309 sunt
871 2268 900 2309 2
931 2269 982 2309 et
1011 2262 1084 2314 ΒΞ.
1162 2263 1365 2322 Rursus,
1414 2263 1579 2312 divido
1625 2280 1795 2312 conse-

401 2344 634 2399 quentem
656 2337 859 2385 rationis
883 2337 1085 2400 integrae
1116 2343 1172 2385 15
1193 2354 1281 2401 per
1304 2339 1471 2387 ambas
1495 2339 1794 2402 quantitates

401 2412 746 2471 subducendae,
778 2428 955 2476 nempe
979 2419 1007 2460 4
1029 2420 1078 2460 et
1104 2420 1159 2460 5:
1195 2414 1473 2476 quotientes
1496 2423 1641 2463 erunt
1664 2417 1722 2470 32
1745 2424 1795 2465 et

400 2493 448 2546 3,
472 2504 582 2551 quae
606 2495 720 2536 sunt
743 2488 792 2535 in
818 2488 1008 2536 ratione
1039 2494 1095 2536 12
1121 2487 1184 2535 ad
1215 2494 1289 2537 15.
1360 2489 1534 2538 Positis
1563 2506 1682 2554 ergo
1714 2507 1794 2540 or-

400 2563 515 2612 dine
546 2569 593 2623 8,
625 2570 700 2622 12,
731 2568 819 2611 15:
857 2564 898 2611 si
922 2579 952 2611 a
974 2563 1166 2611 ratione
1198 2568 1227 2611 8
1253 2563 1316 2612 ad
1347 2570 1404 2612 15
1429 2564 1632 2614 tollatur
1664 2567 1793 2616 ratio

404 2645 463 2687 12
488 2638 552 2687 ad
582 2645 656 2697 15,
699 2638 750 2687 id
783 2647 858 2687 est
882 2644 911 2687 4
937 2639 997 2687 ad
1025 2645 1070 2696 5,
1105 2639 1419 2688 manifestum
1465 2647 1541 2689 est
1581 2641 1793 2706 relinqui

398 2714 641 2763 rationem
665 2719 695 2762 8
721 2713 784 2762 ad
814 2720 888 2774 12,
914 2713 965 2761 id
989 2721 1066 2762 est
1088 2720 1118 2762 2
1144 2714 1209 2762 ad
1233 2721 1279 2763 3.

465 2805 570 2838 ΧΠ.
607 2789 791 2838 Aliter:
827 2789 868 2838 si
902 2790 989 2837 fiat
1020 2798 1076 2838 ut
1110 2806 1412 2854 consequens
1444 2791 1790 2853 subducendae,

397 2882 508 2930 quae
531 2873 606 2915 est
631 2872 677 2925 5,
692 2865 755 2914 ad
778 2864 1151 2914 antecedentem
1175 2881 1310 2916 suam
1337 2873 1383 2927 4,
1401 2867 1470 2916 ita
1489 2883 1790 2933 consequens
