<?xml version="1.0" encoding="UTF-8"?>
<!DOCTYPE html PUBLIC "-//W3C//DTD XHTML 1.0 Transitional//EN"
    "http://www.w3.org/TR/xhtml1/DTD/xhtml1-transitional.dtd">
<html xmlns="http://www.w3.org/1999/xhtml" xml:lang="en" lang="en">
 <head>
  <title>
</title>
<meta http-equiv="Content-Type" content="text/html;charset=utf-8" />
  <meta name='ocr-system' content='tesseract 3.04.00' />
  <meta name='ocr-capabilities' content='ocr_page ocr_carea ocr_par ocr_line ocrx_word'/>
</head>
<body>
  <div class='ocr_page' id='page_1' title='image "./operaphilosophic05hobbuoft/operaphilosophic05hobbuoft_0099.png"; bbox 0 0 1982 3204; ppageno 0'>
   <div class='ocr_carea' id='block_1_1' title="bbox 338 696 1450 738">
    <p class='ocr_par' dir='ltr' id='par_1_1' title="bbox 338 696 1450 738">
     <span class='ocr_line' id='line_1_1' title="bbox 338 696 1450 738; baseline -0.001 -6"><span class='ocrx_word' id='word_1_1' title='bbox 338 699 408 732; x_wconf 76' lang='lat' dir='ltr'>AD</span> <span class='ocrx_word' id='word_1_2' title='bbox 430 697 756 732; x_wconf 63' lang='lat' dir='ltr'>Rontmssmos</span> <span class='ocrx_word' id='word_1_3' title='bbox 779 696 1017 738; x_wconf 78' lang='lat' dir='ltr'><strong>ALIOSQUE</strong></span> <span class='ocrx_word' id='word_1_4' title='bbox 1042 697 1184 731; x_wconf 85' lang='lat' dir='ltr'>VIROS</span> <span class='ocrx_word' id='word_1_5' title='bbox 1210 697 1450 731; x_wconf 80' lang='lat' dir='ltr'>ERUDITOS</span> 
     </span>
    </p>
   </div>
   <div class='ocr_carea' id='block_1_2' title="bbox 525 805 1267 857">
    <p class='ocr_par' dir='ltr' id='par_1_2' title="bbox 525 805 1267 857">
     <span class='ocr_line' id='line_1_2' title="bbox 525 805 1267 857; baseline -0.001 -1"><span class='ocrx_word' id='word_1_6' title='bbox 525 807 565 856; x_wconf 86' lang='lat' dir='ltr'>E</span> <span class='ocrx_word' id='word_1_7' title='bbox 605 806 975 856; x_wconf 85' lang='lat' dir='ltr'>SOCIETATE</span> <span class='ocrx_word' id='word_1_8' title='bbox 1012 805 1267 857; x_wconf 81' lang='lat' dir='ltr'><strong>REGALI</strong></span> 
     </span>
    </p>
   </div>
   <div class='ocr_carea' id='block_1_3' title="bbox 275 902 1523 980">
    <p class='ocr_par' dir='ltr' id='par_1_3' title="bbox 275 902 1523 980">
     <span class='ocr_line' id='line_1_3' title="bbox 275 902 1523 980; baseline -0.003 0"><span class='ocrx_word' id='word_1_9' title='bbox 275 941 355 979; x_wconf 82' lang='lat' dir='ltr'>AD</span> <span class='ocrx_word' id='word_1_10' title='bbox 384 938 685 980; x_wconf 81' lang='lat' dir='ltr'>SCIENTIAS</span> <span class='ocrx_word' id='word_1_11' title='bbox 712 937 1143 979; x_wconf 84' lang='lat' dir='ltr'><strong>PROMOVENDAS</strong></span> <span class='ocrx_word' id='word_1_12' title='bbox 1170 902 1523 978; x_wconf 43' lang='lat' dir='ltr'>INSTITUTAJ</span> 
     </span>
    </p>
   </div>
   <div class='ocr_carea' id='block_1_4' title="bbox 760 1094 1024 1102">
    <p class='ocr_par' dir='ltr' id='par_1_4' title="bbox 760 1094 1024 1102">
     <span class='ocr_line' id='line_1_4' title="bbox 760 1094 1024 1102; baseline 0 0"><span class='ocrx_word' id='word_1_13' title='bbox 760 1094 1024 1102; x_wconf 95' lang='lat' dir='ltr'> </span> 
     </span>
    </p>
   </div>
   <div class='ocr_carea' id='block_1_5' title="bbox 134 1187 1660 2947">
    <p class='ocr_par' dir='ltr' id='par_1_5' title="bbox 134 1187 1660 2947">
     <span class='ocr_line' id='line_1_5' title="bbox 134 1187 1650 1253; baseline -0.004 -13"><span class='ocrx_word' id='word_1_14' title='bbox 134 1190 526 1240; x_wconf 74' lang='lat' dir='ltr'>PRAEs‘rx‘rls‘rrs</span> <span class='ocrx_word' id='word_1_15' title='bbox 553 1189 892 1253; x_wconf 78' lang='lat' dir='ltr'>Philosophiae,</span> <span class='ocrx_word' id='word_1_16' title='bbox 910 1190 1001 1237; x_wconf 83' lang='lat' dir='ltr'>viri</span> <span class='ocrx_word' id='word_1_17' title='bbox 1026 1188 1328 1247; x_wconf 87' lang='lat' dir='ltr'>nobilissimi,</span> <span class='ocrx_word' id='word_1_18' title='bbox 1344 1204 1406 1236; x_wconf 95' lang='lat' dir='ltr'>ne</span> <span class='ocrx_word' id='word_1_19' title='bbox 1425 1187 1650 1251; x_wconf 86' lang='lat' dir='ltr'>cuiquam</span> 
     </span>
     <span class='ocr_line' id='line_1_6' title="bbox 135 1275 1650 1363; baseline -0.003 -35"><span class='ocrx_word' id='word_1_20' title='bbox 135 1288 222 1328; x_wconf 87' lang='lat' dir='ltr'>aut</span> <span class='ocrx_word' id='word_1_21' title='bbox 243 1279 460 1363; x_wconf 73' lang='lat' dir='ltr'>studium</span> <span class='ocrx_word' id='word_1_22' title='bbox 484 1288 570 1326; x_wconf 87' lang='lat' dir='ltr'>aut</span> <span class='ocrx_word' id='word_1_23' title='bbox 593 1294 770 1326; x_wconf 91' lang='lat' dir='ltr'>nomen</span> <span class='ocrx_word' id='word_1_24' title='bbox 794 1278 913 1341; x_wconf 88' lang='lat' dir='ltr'>ejus,</span> <span class='ocrx_word' id='word_1_25' title='bbox 939 1278 1066 1326; x_wconf 88' lang='lat' dir='ltr'>sicut</span> <span class='ocrx_word' id='word_1_26' title='bbox 1088 1277 1219 1335; x_wconf 90' lang='lat' dir='ltr'>olim,</span> <span class='ocrx_word' id='word_1_27' title='bbox 1242 1277 1453 1325; x_wconf 87' lang='lat' dir='ltr'>ludibrio</span> <span class='ocrx_word' id='word_1_28' title='bbox 1479 1277 1543 1324; x_wconf 86' lang='lat' dir='ltr'>sit</span> <span class='ocrx_word' id='word_1_29' title='bbox 1574 1275 1650 1323; x_wconf 89' lang='lat' dir='ltr'>vel</span> 
     </span>
     <span class='ocr_line' id='line_1_7' title="bbox 134 1366 1654 1430; baseline -0.003 -13"><span class='ocrx_word' id='word_1_30' title='bbox 134 1369 447 1417; x_wconf 90' lang='lat' dir='ltr'>inhonestum</span> <span class='ocrx_word' id='word_1_31' title='bbox 471 1368 727 1416; x_wconf 87' lang='lat' dir='ltr'>habeatur.</span> <span class='ocrx_word' id='word_1_32' title='bbox 796 1367 1054 1414; x_wconf 85' lang='lat' dir='ltr'>Infamiam</span> <span class='ocrx_word' id='word_1_33' title='bbox 1077 1366 1209 1414; x_wconf 87' lang='lat' dir='ltr'>illam</span> <span class='ocrx_word' id='word_1_34' title='bbox 1230 1366 1468 1430; x_wconf 84' lang='lat' dir='ltr'>dignitate</span> <span class='ocrx_word' id='word_1_35' title='bbox 1490 1374 1654 1423; x_wconf 83' lang='lat' dir='ltr'>vestra</span> 
     </span>
     <span class='ocr_line' id='line_1_8' title="bbox 135 1455 1654 1518; baseline -0.003 -12"><span class='ocrx_word' id='word_1_36' title='bbox 135 1458 445 1506; x_wconf 87' lang='lat' dir='ltr'>abstersistis.</span> <span class='ocrx_word' id='word_1_37' title='bbox 516 1457 843 1505; x_wconf 85' lang='lat' dir='ltr'>Scientiarum</span> <span class='ocrx_word' id='word_1_38' title='bbox 868 1455 1040 1504; x_wconf 89' lang='lat' dir='ltr'>studiis</span> <span class='ocrx_word' id='word_1_39' title='bbox 1064 1455 1318 1503; x_wconf 87' lang='lat' dir='ltr'>materiam</span> <span class='ocrx_word' id='word_1_40' title='bbox 1342 1464 1393 1503; x_wconf 91' lang='lat' dir='ltr'>et</span> <span class='ocrx_word' id='word_1_41' title='bbox 1417 1455 1654 1518; x_wconf 87' lang='lat' dir='ltr'>supellec-</span> 
     </span>
     <span class='ocr_line' id='line_1_9' title="bbox 135 1543 1654 1611; baseline -0.003 -17"><span class='ocrx_word' id='word_1_42' title='bbox 135 1547 272 1596; x_wconf 89' lang='lat' dir='ltr'>tilem</span> <span class='ocrx_word' id='word_1_43' title='bbox 295 1547 583 1611; x_wconf 82' lang='lat' dir='ltr'>praebuistis.</span> <span class='ocrx_word' id='word_1_44' title='bbox 653 1545 911 1593; x_wconf 86' lang='lat' dir='ltr'>Societatis</span> <span class='ocrx_word' id='word_1_45' title='bbox 947 1559 1123 1607; x_wconf 88' lang='lat' dir='ltr'>corpus</span> <span class='ocrx_word' id='word_1_46' title='bbox 1151 1544 1260 1592; x_wconf 90' lang='lat' dir='ltr'>luce</span> <span class='ocrx_word' id='word_1_47' title='bbox 1284 1552 1445 1591; x_wconf 87' lang='lat' dir='ltr'>vestra</span> <span class='ocrx_word' id='word_1_48' title='bbox 1468 1543 1654 1590; x_wconf 85' lang='lat' dir='ltr'>illustre</span> 
     </span>
     <span class='ocr_line' id='line_1_10' title="bbox 138 1633 1654 1700; baseline -0.003 -16"><span class='ocrx_word' id='word_1_49' title='bbox 138 1637 412 1700; x_wconf 84' lang='lat' dir='ltr'>exterisque</span> <span class='ocrx_word' id='word_1_50' title='bbox 435 1636 664 1700; x_wconf 88' lang='lat' dir='ltr'>gentibus</span> <span class='ocrx_word' id='word_1_51' title='bbox 689 1634 1006 1699; x_wconf 88' lang='lat' dir='ltr'>conspicuum</span> <span class='ocrx_word' id='word_1_52' title='bbox 1030 1633 1308 1681; x_wconf 86' lang='lat' dir='ltr'>reddidistis</span> <span class='ocrx_word' id='word_1_53' title='bbox 1328 1652 1339 1680; x_wconf 91' lang='lat'>:</span> <span class='ocrx_word' id='word_1_54' title='bbox 1375 1634 1444 1681; x_wconf 91' lang='lat' dir='ltr'>ita</span> <span class='ocrx_word' id='word_1_55' title='bbox 1467 1642 1520 1680; x_wconf 91' lang='lat' dir='ltr'>ut</span> <span class='ocrx_word' id='word_1_56' title='bbox 1544 1648 1654 1696; x_wconf 87' lang='lat' dir='ltr'>quae</span> 
     </span>
     <span class='ocr_line' id='line_1_11' title="bbox 138 1722 1655 1790; baseline -0.003 -16"><span class='ocrx_word' id='word_1_57' title='bbox 138 1725 190 1774; x_wconf 89' lang='lat' dir='ltr'>in</span> <span class='ocrx_word' id='word_1_58' title='bbox 213 1726 441 1790; x_wconf 89' lang='lat' dir='ltr'>operibus</span> <span class='ocrx_word' id='word_1_59' title='bbox 477 1725 681 1773; x_wconf 87' lang='lat' dir='ltr'>Naturae</span> <span class='ocrx_word' id='word_1_60' title='bbox 715 1723 956 1772; x_wconf 89' lang='lat' dir='ltr'>mirabilia</span> <span class='ocrx_word' id='word_1_61' title='bbox 994 1730 1080 1771; x_wconf 90' lang='lat' dir='ltr'>aut</span> <span class='ocrx_word' id='word_1_62' title='bbox 1116 1739 1242 1771; x_wconf 83' lang='lat' dir='ltr'>nova</span> <span class='ocrx_word' id='word_1_63' title='bbox 1273 1723 1552 1785; x_wconf 90' lang='lat' dir='ltr'>ubicunque</span> <span class='ocrx_word' id='word_1_64' title='bbox 1582 1722 1655 1769; x_wconf 89' lang='lat' dir='ltr'>in-</span> 
     </span>
     <span class='ocr_line' id='line_1_12' title="bbox 137 1810 1653 1876; baseline -0.003 -13"><span class='ocrx_word' id='word_1_65' title='bbox 137 1822 286 1863; x_wconf 81' lang='lat' dir='ltr'>venta</span> <span class='ocrx_word' id='word_1_66' title='bbox 309 1822 439 1874; x_wconf 89' lang='lat' dir='ltr'>sunt,</span> <span class='ocrx_word' id='word_1_67' title='bbox 453 1814 518 1863; x_wconf 88' lang='lat' dir='ltr'>ad</span> <span class='ocrx_word' id='word_1_68' title='bbox 535 1814 832 1862; x_wconf 88' lang='lat' dir='ltr'>Societatem</span> <span class='ocrx_word' id='word_1_69' title='bbox 851 1819 1063 1860; x_wconf 85' lang='lat' dir='ltr'>vestram</span> <span class='ocrx_word' id='word_1_70' title='bbox 1078 1811 1385 1876; x_wconf 88' lang='lat' dir='ltr'>potissimum</span> <span class='ocrx_word' id='word_1_71' title='bbox 1402 1810 1653 1859; x_wconf 88' lang='lat' dir='ltr'>transmit-</span> 
     </span>
     <span class='ocr_line' id='line_1_13' title="bbox 138 1901 1654 1964; baseline -0.004 -11"><span class='ocrx_word' id='word_1_72' title='bbox 138 1913 325 1963; x_wconf 84' lang='lat' dir='ltr'>tantur,</span> <span class='ocrx_word' id='word_1_73' title='bbox 348 1911 399 1952; x_wconf 91' lang='lat' dir='ltr'>et</span> <span class='ocrx_word' id='word_1_74' title='bbox 432 1903 492 1952; x_wconf 89' lang='lat' dir='ltr'>de</span> <span class='ocrx_word' id='word_1_75' title='bbox 521 1903 680 1952; x_wconf 89' lang='lat' dir='ltr'>causis</span> <span class='ocrx_word' id='word_1_76' title='bbox 715 1918 884 1950; x_wconf 85' lang='lat' dir='ltr'>eorum</span> <span class='ocrx_word' id='word_1_77' title='bbox 915 1901 1103 1964; x_wconf 87' lang='lat' dir='ltr'>judicia</span> <span class='ocrx_word' id='word_1_78' title='bbox 1123 1908 1287 1948; x_wconf 85' lang='lat' dir='ltr'>vestra</span> <span class='ocrx_word' id='word_1_79' title='bbox 1317 1907 1654 1963; x_wconf 84' lang='lat' dir='ltr'>expectentur.</span> 
     </span>
     <span class='ocr_line' id='line_1_14' title="bbox 139 1986 1656 2058; baseline -0.006 -15"><span class='ocrx_word' id='word_1_80' title='bbox 139 1994 397 2058; x_wconf 88' lang='lat' dir='ltr'>Ingenium</span> <span class='ocrx_word' id='word_1_81' title='bbox 420 2010 562 2042; x_wconf 86' lang='lat' dir='ltr'>suum</span> <span class='ocrx_word' id='word_1_82' title='bbox 585 2010 616 2041; x_wconf 89' lang='lat' dir='ltr'>a</span> <span class='ocrx_word' id='word_1_83' title='bbox 637 1992 773 2040; x_wconf 82' lang='lat' dir='ltr'>vobis</span> <span class='ocrx_word' id='word_1_84' title='bbox 795 1990 1127 2053; x_wconf 89' lang='lat' dir='ltr'>unusquisque</span> <span class='ocrx_word' id='word_1_85' title='bbox 1150 1989 1361 2053; x_wconf 86' lang='lat' dir='ltr'>spectari</span> <span class='ocrx_word' id='word_1_86' title='bbox 1384 1997 1435 2036; x_wconf 90' lang='lat' dir='ltr'>et</span> <span class='ocrx_word' id='word_1_87' title='bbox 1457 1986 1656 2051; x_wconf 90' lang='lat' dir='ltr'>probari</span> 
     </span>
     <span class='ocr_line' id='line_1_15' title="bbox 137 2075 1657 2148; baseline -0.007 -15"><span class='ocrx_word' id='word_1_88' title='bbox 137 2084 304 2148; x_wconf 89' lang='lat' dir='ltr'>magni</span> <span class='ocrx_word' id='word_1_89' title='bbox 348 2083 571 2131; x_wconf 87' lang='lat' dir='ltr'>aestimat.</span> <span class='ocrx_word' id='word_1_90' title='bbox 640 2081 799 2130; x_wconf 89' lang='lat' dir='ltr'>Unius</span> <span class='ocrx_word' id='word_1_91' title='bbox 828 2079 1088 2127; x_wconf 87' lang='lat' dir='ltr'>alteriusve</span> <span class='ocrx_word' id='word_1_92' title='bbox 1120 2077 1393 2126; x_wconf 85' lang='lat' dir='ltr'>Geometrae</span> <span class='ocrx_word' id='word_1_93' title='bbox 1415 2076 1494 2123; x_wconf 87' lang='lat' dir='ltr'>vel</span> <span class='ocrx_word' id='word_1_94' title='bbox 1530 2075 1657 2139; x_wconf 88' lang='lat' dir='ltr'>Phy-</span> 
     </span>
     <span class='ocr_line' id='line_1_16' title="bbox 138 2165 1657 2229; baseline -0.007 -8"><span class='ocrx_word' id='word_1_95' title='bbox 138 2172 227 2221; x_wconf 84' lang='lat' dir='ltr'>sici</span> <span class='ocrx_word' id='word_1_96' title='bbox 250 2170 675 2220; x_wconf 87' lang='lat' dir='ltr'>commendatione</span> <span class='ocrx_word' id='word_1_97' title='bbox 699 2167 762 2216; x_wconf 91' lang='lat' dir='ltr'>ad</span> <span class='ocrx_word' id='word_1_98' title='bbox 784 2167 1000 2216; x_wconf 86' lang='lat' dir='ltr'>studium</span> <span class='ocrx_word' id='word_1_99' title='bbox 1036 2165 1360 2229; x_wconf 74' lang='lat' dir='ltr'>Philosophiae</span> <span class='ocrx_word' id='word_1_100' title='bbox 1392 2165 1536 2229; x_wconf 91' lang='lat' dir='ltr'>pauci</span> <span class='ocrx_word' id='word_1_101' title='bbox 1573 2180 1657 2212; x_wconf 87' lang='lat' dir='ltr'>ex-</span> 
     </span>
     <span class='ocr_line' id='line_1_17' title="bbox 139 2255 1656 2321; baseline -0.006 -11"><span class='ocrx_word' id='word_1_102' title='bbox 139 2262 369 2310; x_wconf 83' lang='lat' dir='ltr'>citantur.</span> <span class='ocrx_word' id='word_1_103' title='bbox 419 2259 696 2318; x_wconf 81' lang='lat' dir='ltr'>Nimirium,</span> <span class='ocrx_word' id='word_1_104' title='bbox 721 2258 815 2306; x_wconf 91' lang='lat' dir='ltr'>hoc</span> <span class='ocrx_word' id='word_1_105' title='bbox 839 2258 999 2321; x_wconf 86' lang='lat' dir='ltr'>ipsum</span> <span class='ocrx_word' id='word_1_106' title='bbox 1018 2255 1253 2320; x_wconf 84' lang='lat' dir='ltr'>augendae</span> <span class='ocrx_word' id='word_1_107' title='bbox 1271 2255 1487 2304; x_wconf 79' lang='lat' dir='ltr'>scientiae</span> <span class='ocrx_word' id='word_1_108' title='bbox 1505 2270 1656 2302; x_wconf 89' lang='lat' dir='ltr'>unum</span> 
     </span>
     <span class='ocr_line' id='line_1_18' title="bbox 141 2343 1660 2415; baseline -0.007 -15"><span class='ocrx_word' id='word_1_109' title='bbox 141 2358 193 2400; x_wconf 87' lang='lat' dir='ltr'>et</span> <span class='ocrx_word' id='word_1_110' title='bbox 224 2367 458 2415; x_wconf 85' lang='lat' dir='ltr'>magnum</span> <span class='ocrx_word' id='word_1_111' title='bbox 488 2349 825 2413; x_wconf 88' lang='lat' dir='ltr'>adjumentum</span> <span class='ocrx_word' id='word_1_112' title='bbox 857 2354 949 2403; x_wconf 90' lang='lat' dir='ltr'>est,</span> <span class='ocrx_word' id='word_1_113' title='bbox 972 2345 1106 2410; x_wconf 91' lang='lat' dir='ltr'>quod</span> <span class='ocrx_word' id='word_1_114' title='bbox 1140 2345 1204 2393; x_wconf 87' lang='lat' dir='ltr'>ad</span> <span class='ocrx_word' id='word_1_115' title='bbox 1234 2345 1434 2408; x_wconf 85' lang='lat' dir='ltr'>negotia</span> <span class='ocrx_word' id='word_1_116' title='bbox 1463 2343 1660 2407; x_wconf 90' lang='lat' dir='ltr'>publica</span> 
     </span>
     <span class='ocr_line' id='line_1_19' title="bbox 142 2432 1659 2489; baseline -0.008 1"><span class='ocrx_word' id='word_1_117' title='bbox 142 2441 245 2489; x_wconf 87' lang='lat' dir='ltr'>nati</span> <span class='ocrx_word' id='word_1_118' title='bbox 268 2449 320 2489; x_wconf 88' lang='lat' dir='ltr'>et</span> <span class='ocrx_word' id='word_1_119' title='bbox 355 2439 570 2488; x_wconf 87' lang='lat' dir='ltr'>instituti</span> <span class='ocrx_word' id='word_1_120' title='bbox 593 2437 871 2486; x_wconf 85' lang='lat' dir='ltr'>hominibus</span> <span class='ocrx_word' id='word_1_121' title='bbox 902 2435 1003 2484; x_wconf 93' lang='lat' dir='ltr'>otio</span> <span class='ocrx_word' id='word_1_122' title='bbox 1026 2433 1390 2482; x_wconf 90' lang='lat' dir='ltr'>abundantibus</span> <span class='ocrx_word' id='word_1_123' title='bbox 1408 2432 1471 2480; x_wconf 88' lang='lat' dir='ltr'>ad</span> <span class='ocrx_word' id='word_1_124' title='bbox 1494 2432 1659 2480; x_wconf 89' lang='lat' dir='ltr'>colen-</span> 
     </span>
     <span class='ocr_line' id='line_1_20' title="bbox 142 2522 1658 2594; baseline -0.008 -14"><span class='ocrx_word' id='word_1_125' title='bbox 142 2529 255 2579; x_wconf 85' lang='lat' dir='ltr'>dam</span> <span class='ocrx_word' id='word_1_126' title='bbox 277 2528 635 2594; x_wconf 86' lang='lat' dir='ltr'>philosophiam</span> <span class='ocrx_word' id='word_1_127' title='bbox 657 2526 845 2575; x_wconf 89' lang='lat' dir='ltr'>animos</span> <span class='ocrx_word' id='word_1_128' title='bbox 868 2523 1141 2582; x_wconf 85' lang='lat' dir='ltr'>addidistis,</span> <span class='ocrx_word' id='word_1_129' title='bbox 1159 2523 1262 2572; x_wconf 89' lang='lat' dir='ltr'>sine</span> <span class='ocrx_word' id='word_1_130' title='bbox 1281 2539 1485 2587; x_wconf 87' lang='lat' dir='ltr'>quorum</span> <span class='ocrx_word' id='word_1_131' title='bbox 1510 2522 1658 2584; x_wconf 86' lang='lat' dir='ltr'>longo</span> 
     </span>
     <span class='ocr_line' id='line_1_21' title="bbox 142 2612 1658 2679; baseline -0.007 -10"><span class='ocrx_word' id='word_1_132' title='bbox 142 2628 195 2668; x_wconf 86' lang='lat' dir='ltr'>et</span> <span class='ocrx_word' id='word_1_133' title='bbox 214 2619 501 2668; x_wconf 81' lang='lat' dir='ltr'>vehemente</span> <span class='ocrx_word' id='word_1_134' title='bbox 532 2617 696 2667; x_wconf 88' lang='lat' dir='ltr'>studio</span> <span class='ocrx_word' id='word_1_135' title='bbox 733 2631 891 2679; x_wconf 92' lang='lat' dir='ltr'>neque</span> <span class='ocrx_word' id='word_1_136' title='bbox 931 2614 1213 2663; x_wconf 85' lang='lat' dir='ltr'>Geometria</span> <span class='ocrx_word' id='word_1_137' title='bbox 1253 2629 1412 2677; x_wconf 90' lang='lat' dir='ltr'>neque</span> <span class='ocrx_word' id='word_1_138' title='bbox 1439 2612 1658 2674; x_wconf 85' lang='lat' dir='ltr'>Physica,</span> 
     </span>
     <span class='ocr_line' id='line_1_22' title="bbox 141 2690 1658 2770; baseline -0.01 -17"><span class='ocrx_word' id='word_1_139' title='bbox 141 2706 316 2770; x_wconf 81' lang='lat' dir='ltr'>quibus</span> <span class='ocrx_word' id='word_1_140' title='bbox 351 2706 510 2755; x_wconf 88' lang='lat' dir='ltr'>omnis</span> <span class='ocrx_word' id='word_1_141' title='bbox 546 2703 753 2753; x_wconf 87' lang='lat' dir='ltr'>scientia</span> <span class='ocrx_word' id='word_1_142' title='bbox 798 2700 1032 2751; x_wconf 87' lang='lat' dir='ltr'>naturalis</span> <span class='ocrx_word' id='word_1_143' title='bbox 1073 2699 1370 2756; x_wconf 82' lang='lat' dir='ltr'>continetur,</span> <span class='ocrx_word' id='word_1_144' title='bbox 1411 2690 1658 2759; x_wconf 86' lang='lat' dir='ltr'>expectari</span> 
     </span>
     <span class='ocr_line' id='line_1_23' title="bbox 142 2785 1660 2859; baseline -0.011 -15"><span class='ocrx_word' id='word_1_145' title='bbox 142 2802 319 2859; x_wconf 85' lang='lat' dir='ltr'>potest.</span> <span class='ocrx_word' id='word_1_146' title='bbox 386 2794 560 2858; x_wconf 89' lang='lat' dir='ltr'>Neque</span> <span class='ocrx_word' id='word_1_147' title='bbox 584 2809 700 2841; x_wconf 87' lang='lat' dir='ltr'>vero</span> <span class='ocrx_word' id='word_1_148' title='bbox 724 2791 786 2840; x_wconf 89' lang='lat' dir='ltr'>ab</span> <span class='ocrx_word' id='word_1_149' title='bbox 818 2789 913 2838; x_wconf 86' lang='lat' dir='ltr'>iuis</span> <span class='ocrx_word' id='word_1_150' title='bbox 944 2796 1167 2851; x_wconf 89' lang='lat' dir='ltr'>tempore</span> <span class='ocrx_word' id='word_1_151' title='bbox 1196 2794 1246 2835; x_wconf 90' lang='lat' dir='ltr'>et</span> <span class='ocrx_word' id='word_1_152' title='bbox 1269 2785 1432 2834; x_wconf 91' lang='lat' dir='ltr'>studio</span> <span class='ocrx_word' id='word_1_153' title='bbox 1457 2788 1660 2847; x_wconf 88' lang='lat' dir='ltr'>quanto·</span> 
     </span>
     <span class='ocr_line' id='line_1_24' title="bbox 145 2873 1660 2947; baseline -0.011 -14"><span class='ocrx_word' id='word_1_154' title='bbox 145 2898 336 2947; x_wconf 90' lang='lat' dir='ltr'>cunque</span> <span class='ocrx_word' id='word_1_155' title='bbox 359 2883 463 2931; x_wconf 83' lang='lat' dir='ltr'>sine</span> <span class='ocrx_word' id='word_1_156' title='bbox 487 2898 580 2946; x_wconf 87' lang='lat' dir='ltr'>ope</span> <span class='ocrx_word' id='word_1_157' title='bbox 603 2889 767 2929; x_wconf 87' lang='lat' dir='ltr'>vestra</span> <span class='ocrx_word' id='word_1_158' title='bbox 789 2877 1007 2928; x_wconf 85' lang='lat' dir='ltr'>scientiae</span> <span class='ocrx_word' id='word_1_159' title='bbox 1031 2876 1123 2924; x_wconf 83' lang='lat' dir='ltr'>illae</span> <span class='ocrx_word' id='word_1_160' title='bbox 1145 2883 1246 2924; x_wconf 88' lang='lat' dir='ltr'>tam</span> <span class='ocrx_word' id='word_1_161' title='bbox 1281 2873 1516 2927; x_wconf 87' lang='lat' dir='ltr'>difficiles,</span> <span class='ocrx_word' id='word_1_162' title='bbox 1541 2883 1660 2933; x_wconf 89' lang='lat' dir='ltr'>qua-</span> 
     </span>
    </p>
   </div>
  </div>
 </body>
</html>
