1982 3204
516 302 777 339 nosn‘ruu
805 302 1233 337 onomnrmcnu.
1509 292 1567 358 ¹7.

180 429 211 463 a
233 414 543 472 rectitudine,
567 430 764 463 necesse
787 423 860 463 est
895 424 953 462 ut
988 416 1146 477 major
1185 414 1393 478 angulus
1418 414 1567 464 faciat
1626 434 1738 461 eaor.
1760 434 1815 461 ιν.

179 490 415 552 majorem
439 491 767 539 curvedinem.
835 490 909 538 Ex
933 506 1030 553 quo
1054 490 1276 553 sequitur
1300 490 1566 539 curvitates
1587 479 1851 547 nomm

178 580 382 613 arcuum
406 566 456 614 in
480 566 651 614 eodem
675 565 858 614 circulo
882 581 987 613 esse
1010 566 1140 613 inter
1162 581 1214 613 se
1238 573 1295 612 ut
1318 566 1499 628 anguli.
1586 562 1852 634 :fifflffifflffi

249 655 324 688 ιν.
362 641 419 689 In
442 641 645 690 diversis
676 640 870 689 circulis
894 641 1108 688 curvedo
1143 640 1342 703 majoris
1365 641 1568 703 perime·
1585 648 1723 677 rmum„

178 715 246 764 'tri
270 716 429 764 minor
460 725 535 765 est
557 716 818 764 curvedine
842 716 1043 764 minoris
1067 716 1117 764 in
1142 716 1332 764 ratione
1356 715 1479 764 radii
1505 717 1568 764 ad

178 790 386 850 radium,
411 791 510 839 sive
534 791 761 842 diametri
784 791 848 839 ad
872 791 1164 839 diametrum
1189 790 1455 854 reciproca.
1509 792 1567 840 In

180 882 359 930 magno
393 866 523 914 enim
559 866 759 924 circulo,
796 875 851 914 ut
887 867 936 914 in
976 867 1189 914 maximo
1226 866 1358 914 circa
1386 874 1568 922 terram

178 941 377 999 circulo,
414 941 673 989 curvitudo
705 941 769 989 ad
804 942 958 990 multa
995 942 1154 990 stadia
1189 941 1401 989 discerni
1435 926 1570 990 nulla

174 1025 362 1080 potest:
397 1017 448 1064 in
473 1018 653 1065 annulo
678 1018 855 1081 ubique
879 1017 1124 1066 cernitur:
1161 1017 1212 1065 in
1245 1016 1418 1065 mediis
1449 1032 1568 1080 ergo

176 1093 390 1141 minores
414 1093 597 1142 habent
617 1093 907 1141 curvitatem
932 1095 1184 1156 majorem,
1204 1092 1351 1157 idque
1368 1100 1569 1156 propter

173 1167 303 1216 hanc
325 1168 479 1231 ipsam
504 1184 716 1225 causam,
741 1169 871 1231 quod
897 1168 1136 1216 diameter
1159 1168 1319 1216 minor
1350 1176 1439 1216 est.
1510 1168 1568 1216 Id

174 1242 309 1308 quod
331 1243 516 1291 lumine
539 1244 753 1292 naturali
776 1244 1088 1292 manifestum
1113 1251 1204 1292 est.

242 1333 296 1367 v.
331 1318 516 1367 Eadem
543 1319 729 1367 chorda
758 1320 921 1383 aliqua
948 1320 1010 1382 (si
1043 1320 1169 1368 ratio
1207 1335 1349 1368 arcus
1382 1319 1434 1366 in
1474 1319 1568 1367 cir-

175 1394 498 1443 cumferentia
521 1394 585 1443 ad
607 1395 941 1459 perimetrum,
966 1403 1016 1444 et
1039 1395 1165 1444 radii
1188 1395 1252 1443 ad
1274 1395 1481 1453 radium,
1506 1395 1569 1443 sit

175 1470 369 1532 eadem)
413 1470 648 1533 majorem
694 1471 971 1534 portionem
1014 1470 1268 1518 subtendit
1314 1470 1568 1534 perimetri

175 1562 278 1595 snae
307 1562 453 1610 quam
486 1546 739 1609 perimetri
773 1547 987 1610 majoris,
1011 1562 1102 1610 pro
1143 1547 1332 1594 ratione
1368 1546 1568 1609 majoris

174 1621 426 1686 perimetri
449 1621 513 1669 ad
536 1622 790 1670 minorem.
861 1622 1020 1670 Causa
1050 1622 1180 1670 enim
1213 1637 1362 1685 quare
1395 1620 1567 1669 eadem

174 1704 312 1745 recta
334 1697 569 1760 majorem
594 1698 848 1746 subtendit
870 1705 1062 1762 partem
1085 1698 1292 1745 minoris
1314 1696 1568 1760 perimetri

174 1787 325 1836 quam
347 1772 562 1835 majoris,
585 1773 732 1822 unica
755 1782 804 1822 et
836 1774 1104 1822 essentialis
1128 1780 1203 1821 est
1236 1773 1437 1821 minoris
1468 1789 1567 1821 ma-

171 1849 253 1912 jor
274 1847 503 1896 curvitas,
574 1847 745 1912 Itaque
769 1849 811 1897 si
834 1849 1047 1897 curvitas
1078 1849 1132 1896 in
1159 1849 1467 1896 semicirculo
1495 1849 1568 1909 (in

174 1923 482 1972 semicirculo
524 1923 651 1982 dico,
683 1924 798 1988 quia
833 1925 1044 1973 curvitas
1075 1924 1328 1988 perimetri
1367 1924 1568 1972 alterius

171 2000 424 2049 'contraria
445 1999 670 2063 procedit
691 2001 800 2056 via3
837 2008 887 2049 et
924 2008 1186 2064 propterea
1218 2001 1463 2049 subtensae
1494 2016 1570 2048 ar-

175 2090 340 2134 cuum,
364 2092 470 2140 quae
493 2091 605 2124 cum
638 2076 756 2140 ipsis
780 2077 924 2125 simul
948 2077 1250 2135 crescebant,
1274 2077 1404 2125 ultra
1426 2077 1568 2124 semi-

176 2149 415 2199 circulum
439 2150 747 2213 decrescunt)
771 2153 973 2201 minoris
1009 2168 1152 2201 arcus
1187 2151 1252 2200 ad
1275 2153 1567 2200 curvitatem

175 2226 375 2290 majoris
399 2226 465 2274 sit
486 2235 542 2275 ut
566 2231 596 2275 8
620 2226 683 2275 ad
707 2230 755 2286 7,
779 2227 964 2276 chorda
980 2243 1089 2291 quae
1104 2227 1355 2276 subtendit
1377 2235 1567 2291 partem

176 2308 402 2350 octavam
426 2301 642 2365 majoriS,
660 2302 924 2352 subtendet
940 2312 1131 2367 partem
1150 2303 1407 2366 septimam
1424 2304 1568 2351 semi-

176 2377 428 2441 perimetri
452 2377 669 2426 minoris.

243 2467 322 2502 vl.
357 2453 528 2517 Itaque
551 2454 699 2502 etiam
717 2454 925 2517 angulus
949 2454 1000 2502 in
1023 2453 1418 2502 circumferentia
1440 2454 1568 2517 peri·

178 2529 323 2577 metri
346 2529 547 2577 minoris
574 2530 710 2593 (quia
732 2530 978 2577 subtensae
996 2537 1110 2577 sunt
1132 2529 1362 2592 aequales)
1386 2529 1482 2577 erit
1503 2529 1567 2576 ad

177 2604 412 2668 angulum
435 2604 484 2652 in
510 2605 695 2668 majore
724 2605 1004 2669 perimetro,
1027 2614 1085 2653 ut
1114 2605 1377 2668 perimeter
1413 2606 1569 2668 major

178 2677 244 2726 ad
265 2678 520 2728 minorem.

316 2983 439 3018 vol„
468 2986 518 3019 V.
1402 2988 1431 3021 C
