1982 3204
712 282 1158 319 nectasmsncA.
1536 279 1632 323 353

299 389 363 435 Et
381 391 564 447 quando,
585 398 631 435 et
650 407 803 436 nomen
821 391 960 435 dioere
980 399 1201 449 promptus
1220 401 1328 437 erat·

242 455 443 512 Quantus
462 467 553 502 erat
573 467 722 515 stupor
739 458 953 515 bipedum,
970 459 1122 515 quanti
1142 459 1353 504 faciebant

300 525 633 568 Aen-onomum!
694 525 843 568 Socius
862 524 1050 569 ereditur
1067 540 1158 568 esse
1178 525 1275 569 Dei.

241 589 449 634 Attamen
468 599 519 634 ut
539 591 669 634 tritici
689 599 885 635 crescunt
904 590 1065 634 zizania
1082 590 1128 633 in
1147 591 1272 643 arvis,

298 657 525 700 Ambitio
513 657 695 714 ingeniis
713 657 873 715 gaudet
890 657 1035 700 adesse
1061 657 1195 700 bonis.

238 719 287 764 N
287 737 356 765 am
375 737 473 765 eum
493 738 538 766 se
558 730 678 767 tanto
697 731 921 767 senserunt
939 738 1030 767 esse
1050 723 1095 765 in
1114 723 1289 775 honore,

295 786 358 831 Et
376 803 453 831 sua
471 788 586 832 dicta
605 789 725 832 velut
743 789 857 832 dicta
875 789 1015 832 valere
1035 788 1133 840 Dei,
1552 794 1633 833 140

240 851 322 896 Uti
341 853 526 897 stultitia
545 854 691 911 populi
711 854 895 905 voluere,
917 854 1059 898 timeri

296 917 522 973 Quaerunt,
545 920 776 963 humanum
796 920 1120 977 despiciuntque
1138 935 1288 979 genus.

236 983 368 1030 Credi
387 986 494 1029 scire
513 986 660 1029 futura
680 986 832 1030 volunt
850 1002 1137 1043 quaecunque:
1170 987 1273 1044 quia
1290 987 1415 1031 astris

296 1050 410 1095 Sunt
428 1051 643 1109 inscripta,
663 1052 797 1104 aiunt,
813 1069 891 1097 nec
910 1053 1017 1111 legit
1035 1061 1149 1097 astra
1166 1054 1288 1097 alius.

235 1116 333 1161 Nec
351 1118 476 1162 modo
495 1119 732 1176 praedicunt
750 1120 925 1163 adversa
944 1128 989 1164 et
1009 1136 1207 1178 prospera
1225 1135 1389 1178 regum,

294 1183 379 1227 Sed
398 1185 574 1228 modieis
593 1186 722 1228 etiam
742 1186 831 1229 fata
850 1194 998 1243 parata
1015 1187 1130 1230 viris.

233 1250 320 1293 Soc.
351 1250 436 1294 Dic
456 1252 616 1308 quibus
635 1252 680 1295 in
701 1253 825 1296 terris
845 1253 1044 1310 primum,
1065 1268 1152 1309 quo
1171 1252 1271 1304 sole,
1291 1252 1469 1309 lutoque

289 1316 479 1375 Egregie
498 1318 671 1375 ingenia
690 1318 780 1362 haeo
800 1327 901 1362 nata
920 1319 1051 1362 fuisse
1070 1319 1221 1376 putas?

229 1382 311 1425 Pr.
342 1382 415 1427 Ne
434 1384 605 1428 dubites
624 1385 725 1436 illie,
745 1385 820 1428 ubi
841 1400 1006 1428 summa
1024 1384 1217 1442 potentia
1235 1383 1334 1427 solis

296 1449 473 1506 Semper
490 1458 595 1502 erat,
616 1451 742 1494 tellus
762 1459 807 1494 et
825 1452 933 1494 bene
950 1459 1072 1494 oocta
1090 1451 1200 1494 fuit:
1551 1452 1633 1492 150

155 1565 165 1572 ·
236 1513 406 1559 Multus
425 1517 500 1560 ubi
519 1531 691 1574 serpens
710 1525 755 1560 et
773 1532 948 1574 corpore
967 1517 1156 1560 nascitur
1174 1516 1339 1574 ingene,

294 1581 474 1638 Ingenio
493 1582 668 1626 vincens
689 1583 894 1639 quicquid
914 1582 1098 1626 habebat
1116 1598 1231 1640 ager.

234 1646 322 1690 Soc.
351 1648 584 1706 AEthiopas
604 1649 721 1699 dicis,
738 1665 846 1705 quos
865 1657 967 1692 sunt
986 1649 1063 1705 qui
1081 1649 1221 1692 dicere
1236 1648 1394 1706 primos

293 1713 392 1757 Non
411 1713 612 1758 dubitant
631 1715 866 1766 hominum,
887 1730 995 1771 quos
1013 1715 1235 1772 generavit
1253 1714 1420 1757 humus.

234 1779 322 1822 Ast
339 1794 420 1838 ego
439 1795 537 1823 cum
557 1781 705 1823 multis
723 1780 926 1824 deductas
945 1795 1036 1824 esse
1055 1780 1205 1838 putavi

291 1845 428 1889 Artes
447 1845 646 1904 AEgypto
667 1862 859 1903 quasque
877 1847 1221 1891 mathematicas:

233 1910 417 1955 Cernere
437 1913 511 1956 ubi
531 1913 673 1956 stellas
692 1913 846 1970 longus
865 1913 1059 1957 concedit
1077 1913 1275 1963 horizon3

291 1977 534 2022 Adnictant
554 1979 734 2035 quoties,
755 1994 843 2035 quo
861 1987 1103 2035 coeuntque
1122 1978 1227 2023 loeo.

232 2041 394 2087 Nonne
412 2043 628 2102 AEgyptia
645 2053 738 2088 erat
756 2045 894 2102 pretio
913 2045 1120 2102 sapientia
1138 2044 1353 2101 quondam

291 2109 501 2186 Ingenti?
559 2110 621 2154 Et
641 2109 805 2155 Graecis
824 2127 911 2155 non
929 2119 1022 2155 erat
1039 2111 1138 2155 inde
1157 2112 1267 2154 sua?
1548 2112 1630 2152 160

234 2174 335 2230 Quo
353 2177 436 2219 nisi
454 2176 500 2219 in
519 2176 768 2235 AEgyptum
788 2177 928 2229 Plato,
951 2177 1118 2229 Thales,
1139 2177 1506 2236 Pythagoraeque,

289 2242 444 2299 Atque
462 2242 534 2286 alii
553 2243 696 2300 plures
714 2244 946 2301 eximiique
965 2244 1060 2296 viri,

230 2306 294 2351 Et
311 2323 485 2359 vacuus,
506 2324 586 2352 nec
604 2309 764 2353 habens
782 2310 930 2368 longas
950 2326 1036 2367 quo
1055 2310 1224 2354 falleret
1241 2310 1378 2360 horas,

288 2374 367 2418 Ad
384 2375 658 2419 mereandum
677 2385 790 2420 artes
808 2377 899 2421 ibat
917 2385 963 2421 et
980 2377 1230 2435 ingenium?

231 2440 342 2485 Haec
361 2442 490 2485 etiam
511 2442 626 2486 Mod
645 2443 807 2501 placuit
825 2444 1045 2502 sapientia,
1066 2459 1164 2487 cum
1183 2443 1259 2487 vix

287 2507 461 2552 Nomen
479 2508 594 2552 sama
611 2510 713 2554 eatis
732 2518 909 2554 noverat
927 2510 1199 2567 AEthiopum.

227 2573 310 2617 Pr.
343 2573 567 2632 AEgyptus
587 2575 776 2628 Graeoos,
798 2576 943 2621 Graeci
960 2576 1140 2620 docuere
1160 2575 1341 2619 Latinos

292 2641 436 2683 Artes:
467 2648 598 2697 atque
617 2642 745 2686 etiam
764 2643 871 2700 (non
890 2643 1022 2700 nego)
1039 2657 1158 2686 sacra
1174 2658 1262 2685 sua.

231 2703 318 2749 Sed
337 2712 480 2749 tamen
499 2706 729 2784 AEthiopee
747 2709 867 2766 prius
884 2709 1146 2766 AEgyptum.
1205 2707 1313 2751 Fuit
1330 2707 1403 2750 illa

285 2769 452 2822 Limus,
473 2773 676 2829 quando
662 2789 814 2832 ingens
833 2774 947 2818 sama
965 2782 1057 2818 erat
1075 2773 1346 2831 AEthiopum.
1539 2773 1621 2814 170

227 2835 458 2894 AEthiopee
477 2838 645 2883 eoluere
664 2839 778 2892 deos,
798 2841 925 2884 urbes
944 2840 1142 2890 habuere,

284 2901 524 2955 Rexerunt,
543 2912 590 2948 et
606 2912 729 2949 erant
746 2906 909 2949 artibus
928 2905 1089 2963 egregii

361 2985 486 3021 VOL.
508 2986 560 3020 V.
1399 2986 1482 3018 ΛΑ
