1982 3204
598 293 858 329 causum&
884 293 1104 328 nnuws.
1490 284 1552 336 73

631 530 963 566 PROPOSITIO
1006 530 1087 564 xt.

236 634 300 684 Si
333 639 616 682 momentum
656 632 997 698 impedimento
1032 631 1334 697 proepollet:
1378 639 1554 681 motum
1614 654 1724 680 mov.
1748 655 1803 681 ιιι.

163 710 331 773 efficit.
407 709 654 772 Adeoque,
684 708 732 755 εἰ
763 707 931 756 nullm
954 708 1149 772 fuerit,
1175 708 1438 756 inchoatur
1455 726 1474 756 .·
1507 709 1556 757 εἰ
1607 701 1797 723 '‘⁰“

151 785 455 849 jamfioerst,
479 789 711 849 augetur.

231 860 292 909 Su·
314 858 571 925 proepollet
599 857 1009 924 impedimentum,
1033 858 1255 923 impedit.
1323 858 1557 937 Adeoqge

163 942 355 995 motum,
378 934 427 983 si
447 934 555 999 quis
566 934 678 997 jam
693 934 777 991 sit,
801 934 881 982 vel
901 934 1052 994 tollit,
1076 934 1155 983 vel
1169 934 1347 983 saltem
1365 935 1555 983 minuit.

229 1010 305 1060 Et
328 1009 518 1075 quidem
542 1009 593 1057 in
617 1026 677 1057 ea
699 1010 894 1058 ratione
907 1009 1030 1075 plus
1053 1010 1267 1059 minusve
1289 1011 1441 1074 fiffiffl't
1467 1018 1556 1059 aut

162 1085 383 1151 impedit,
406 1101 507 1150 qua
531 1085 692 1148 major
714 1091 791 1134 est
812 1086 892 1135 vel
912 1086 1068 1135 minor
1091 1102 1325 1135 excessus
1338 1086 1557 1151 praepol-

162 1160 327 1210 lentis.

231 1236 292 1285 Si
307 1236 637 1302 ‹equipollent‚
661 1253 815 1302 neque
832 1237 1041 1302 ponitur
1057 1243 1231 1298 motus,
1249 1254 1403 1302 neque
1425 1237 1558 1286 tolli-

163 1317 262 1362 tur.
330 1312 569 1378 Adeoque
591 1330 693 1377 quae
706 1313 859 1378 prius
877 1319 1007 1372 erat,
1024 1312 1105 1361 vel
1124 1314 1265 1378 quies
1282 1313 1364 1362 vel
1383 1319 1556 1372 motus,

153 1395 471 1454 perseverat.

230 1463 372 1512 Falsa
394 1471 483 1511 oet.
554 1463 682 1512 Nam
707 1480 876 1512 saxum
912 1471 1057 1512 terrae
1088 1464 1304 1513 insidens
1334 1480 1556 1513 momen-

164 1546 272 1587 tum
315 1538 479 1598 habet,
517 1547 759 1602 quantum
799 1539 988 1587 scilicet
1021 1547 1097 1587 est
1141 1539 1294 1603 ipsius
1334 1539 1555 1603 pondus:

162 1621 298 1663 terra
311 1621 492 1673 autem,
508 1615 624 1678 quia
640 1615 740 1662 vim
764 1615 1023 1662 motricem
1048 1630 1239 1662 sursum
1262 1615 1448 1663 nullam
1470 1615 1557 1664 ha-

163 1689 265 1748 bet,
297 1698 601 1738 momentum
628 1690 819 1738 nullum
850 1690 1015 1738 habet.
1084 1690 1216 1754 Ergo
1252 1699 1558 1739 momentum

164 1765 468 1814 contrarium
490 1765 679 1813 nullum
701 1766 866 1814 habet.
924 1766 1237 1814 Momentum
1271 1766 1423 1830 igitur
1453 1767 1557 1814 saxi

165 1841 420 1905 praepollet
442 1841 795 1905 impedimento
818 1857 849 1889 a
871 1849 1003 1889 terra
1026 1841 1079 1889 in
1101 1841 1294 1889 ratione
1326 1841 1558 1905 ponderis

163 1916 270 1964 saxi
314 1915 379 1964 ad
418 1916 555 1964 nihil.
626 1917 758 1979 Ergo
806 1932 977 1964 saxum
1023 1924 1170 1965 terrae
1214 1916 1431 1965 insidens
1477 1917 1560 1965 de-

163 1990 380 2041 scendet.
451 1992 601 2041 Quod
620 2000 697 2040 est
718 1991 1001 2040 absurdum.

231 2067 460 2116 Secunda
482 2083 612 2131 parS,
630 2067 680 2115 si
702 2067 1034 2133 aequipollent,
1056 2083 1212 2132 neque
1225 2067 1439 2132 ponitur
1460 2083 1559 2115 mo-

163 2149 244 2191 tus
265 2159 415 2207 neque
437 2142 647 2202 tollitur,
671 2159 798 2191 vana
820 2151 908 2192 est.
947 2143 1077 2191 Nam
1099 2144 1231 2191 inter
1254 2150 1558 2191 momentum

158 2218 337 2284 gravis
359 2217 589 2266 deorsum
613 2218 853 2278 conantis,
877 2218 1009 2282 quod
1031 2226 1108 2267 est
1141 2218 1356 2282 aliquod,
1381 2226 1431 2266 et
1453 2213 1558 2266 mo-

162 2301 383 2343 mentum
402 2294 584 2359 gravis
606 2294 831 2343 conantis
854 2310 1063 2354 sursum,
1088 2294 1222 2358 quod
1248 2302 1324 2343 est
1352 2293 1558 2353 nullum,

162 2369 300 2418 nulla
320 2377 485 2433 potest
507 2385 613 2419 esse
636 2370 1017 2435 aequipollentia.

231 2444 379 2494 Quod
401 2444 550 2493 infert
566 2445 739 2494 ultimo
762 2445 888 2505 loco,
908 2445 1125 2510 adeoque
1144 2461 1246 2509 qnoe
1258 2445 1414 2509 prius
1429 2451 1559 2502 erat,

162 2518 246 2568 vel
265 2520 402 2584 quies
424 2519 505 2567 vel
524 2527 698 2579 motus,
713 2527 1030 2586 perseverat,
1055 2537 1116 2570 ex
1144 2521 1274 2569 illius
1296 2521 1559 2584 praemissis

163 2609 264 2644 uon
287 2595 532 2659 sequitur:
555 2612 672 2644 vera
693 2606 858 2645 tamen
877 2606 968 2656 est,
992 2605 1043 2645 et
1065 2612 1096 2645 a
1117 2612 1196 2644 me
1220 2596 1558 2644 demonstrata

170 2668 316 2730 (libro
340 2685 412 2718 nn
452 2685 727 2728 conpomz,
756 2688 863 2735 cap.
887 2672 953 2720 ix.
987 2680 1080 2720 art.
1110 2674 1182 2734 7),
1208 2687 1355 2735 quam
1386 2670 1467 2718 ille
1507 2670 1559 2717 in

165 2743 386 2793 Eleneho
409 2761 498 2794 suo
520 2755 726 2795 conatus
750 2756 825 2795 est
848 2747 1085 2795 refellere.

233 2818 292 2867 In
310 2819 508 2869 Scholio
530 2821 593 2870 ad
617 2823 1000 2886 propositionem
1025 2823 1153 2871 hanc
1172 2838 1324 2882 suam,
1349 2821 1558 2869 affirmat

166 2895 511 2959 propositionis
533 2913 634 2947 suae
666 2906 857 2962 partem
881 2897 1008 2947 hauc
1043 2897 1265 2946 ultimam
1285 2912 1315 2945 a
1338 2894 1557 2951 Galilaeo,
