1982 3204
577 284 895 320 'rme-rmus
922 281 1172 320 OPTICUS.
1466 276 1563 328 247

178 393 549 444 Anaclaseicoe:
583 396 645 444 ad
668 395 936 460 perfectam
969 396 1109 458 cujus
1145 395 1476 458 cognitionem
1512 396 1562 444 in

179 486 234 519 re
267 470 471 535 physica
504 471 893 535 contemplandae
924 479 1040 519 sunt
1082 460 1437 533 diaphanorurn
1460 487 1564 519 om·

178 546 315 595 nium
342 555 528 595 naturae
551 557 602 595 et
633 547 823 610 figurae,
843 546 1052 594 maxime
1076 554 1241 593 autem
1263 546 1468 608 figurae.·

245 622 320 670 Ex
343 622 402 670 iis
433 638 542 686 quae
566 621 626 670 de
657 630 834 670 natura
855 620 1163 670 refractionis
1185 620 1318 668 dicta
1340 630 1469 679 sunt,
1492 622 1564 669 fa-

178 696 272 745 cile
296 705 374 745 est
396 697 641 760 colligere,
665 697 716 744 in
739 697 873 745 omni
895 696 1189 744 refractione
1228 695 1407 744 lineam
1443 696 1565 753 lffiis

178 788 210 820 a
230 773 361 836 quo*
385 772 550 820 radius
573 772 691 830 exit,
716 787 997 835 quanquam
1021 771 1086 818 sit
1110 770 1308 819 minima
1330 787 1435 834 quae
1459 772 1565 820 dari

178 847 347 910 possit,
362 847 619 910 concipere
642 847 758 895 dum
782 846 947 894 radius
969 846 1255 909 refringitur
1272 847 1564 910 vertiginem

177 922 438 986 quandam,
462 932 514 970 et
537 938 634 986 quo
669 921 845 985 saepius
880 921 1166 984 refringitur
1193 921 1364 969 eadem
1386 922 1481 981 via,
1505 938 1564 970 eo

152 998 412 1061 ‘majorem
435 1013 539 1045 esse
561 997 877 1060 vertiginem:
912 1012 973 1044 ex
995 1012 1091 1060 quo
1114 997 1335 1060 sequitur
1356 997 1565 1045 alterum

178 1072 305 1121 latus
348 1072 488 1131 radii,
525 1071 711 1120 scilicet
749 1071 977 1129 exterius,
1021 1071 1238 1119 incidere
1277 1072 1328 1119 in
1367 1073 1564 1121 oculum

178 1156 316 1196 motu
338 1156 474 1195 recto
498 1148 583 1211 qui
606 1155 818 1211 augetur
839 1162 869 1194 a
892 1153 1029 1194 motu
1060 1146 1330 1210 vertiginis,
1354 1147 1564 1197 alterum

176 1231 341 1272 autem
364 1231 503 1271 motu
525 1229 661 1270 recto
683 1222 766 1286 qui
800 1221 1041 1284 vertigine
1078 1216 1344 1270 minuitur.'
1399 1224 1564 1287 Atque

176 1298 229 1348 in
250 1299 346 1347 boc
366 1298 572 1346 fortasse
591 1297 831 1355 consistit,
849 1296 981 1360 quod
1002 1296 1053 1343 in
1075 1297 1307 1359 prismate
1331 1306 1564 1348 contento

177 1374 367 1423 duobus
410 1374 569 1438 planis
610 1373 845 1436 oppositis
893 1371 1273 1435 triangularibus
1313 1382 1363 1421 et
1407 1374 1570 1422 tribus

175 1450 657 1515 parallelogrammis,
682 1449 879 1497 termini
915 1449 1220 1511 objectorum
1255 1465 1316 1497 ex
1338 1466 1397 1498 ea
1425 1459 1564 1514 parte

177 1542 275 1590 qua
307 1525 536 1574 refractio
569 1525 690 1573 facit
720 1526 926 1583 cubitos,
951 1532 1066 1572 sunt
1097 1525 1232 1572 rubri
1262 1526 1491 1589 primum,
1514 1537 1566 1576 et

178 1601 356 1651 deinde
372 1601 511 1656 flavi;
536 1617 596 1649 ex
619 1601 774 1648 altera
787 1617 903 1648 vero
923 1609 1063 1663 parte
1078 1617 1176 1664 qua
1198 1601 1428 1650 refractio
1445 1603 1566 1651 facit

176 1676 398 1741 anguJOS,
416 1683 529 1724 sunt
552 1676 765 1741 primum
788 1675 967 1723 virides
986 1675 1063 1723 vel
1084 1676 1294 1734 caerulei,
1313 1685 1364 1724 et
1387 1677 1564 1726 deinde

177 1752 396 1800 violacei.
464 1751 687 1815 Exempli
711 1767 889 1807 causa;
914 1751 976 1798 sit
994 1750 1241 1813 prismatis
1265 1752 1562 1817 triangulum

177 1826 322 1886 cDE,
345 1826 408 1875 ad
431 1828 570 1890 cujus
599 1827 727 1874 latus
754 1826 834 1874 ΟΕ
858 1825 1038 1873 cadant

177 1901 373 1966 oblique
406 1901 531 1950 radii
565 1901 638 1965 qs,
665 1900 733 1966 bg
755 1917 784 1948 a
816 1900 1037 1949 terminis

178 1977 359 2041 objecti
380 1976 459 2033 ab,
477 1976 592 2025 inde
615 1976 950 2040 refringantur
971 1976 1036 2024 ad

179 2053 272 2110 HI,
296 2061 348 2102 et
369 2053 484 2102 inde
512 2054 689 2102 iterum
712 2052 776 2100 ad
801 2052 902 2100 KL.
950 2051 1035 2098 Vi-
1102 2042 1107 2053 ’

179 2127 375 2177 debitur
390 2129 638 2191 objectum
656 2129 707 2176 in
726 2127 814 2175 AB
832 2127 1035 2175 rubrum

178 2218 239 2252 ex
259 2211 399 2268 parte
417 2204 478 2262 A,
492 2203 626 2267 quod
643 2202 824 2251 desinit
842 2202 892 2249 in
907 2201 1035 2250 flavo

177 2293 346 2327 versus
376 2278 443 2327 B:
478 2287 529 2326 at
564 2295 594 2326 a
631 2287 772 2342 parte
799 2277 839 2325 B
863 2276 1034 2335 viride,

179 2352 403 2403 desinens
436 2354 487 2402 in
510 2354 728 2403 violaceo
751 2368 919 2400 versus
950 2368 1035 2400 ex-

178 2427 374 2477 teriora.
465 2428 613 2478 Quod
656 2428 767 2476 ideo
812 2427 1035 2476 accidere

181 2502 403 2565 conjicio,
425 2504 557 2568 quod
579 2503 744 2552 radius
767 2503 933 2567 afHK
956 2503 1179 2567 acquirat
1200 2503 1489 2566 vertiginem
1511 2502 1565 2550 in

182 2576 359 2625 cubitis
377 2577 432 2640 s
450 2585 500 2627 et
536 2579 613 2627 H:
647 2594 756 2642 quae
790 2578 981 2641 vertigo
1017 2587 1205 2627 motum
1241 2580 1346 2643 ejus
1375 2586 1563 2626 rectum

182 2650 432 2712 secundat,
476 2653 563 2702 sed
608 2654 790 2712 turbat,
833 2653 966 2702 unde
1017 2654 1153 2703 color
1198 2654 1279 2703 ille
1323 2654 1470 2702 ruber
1514 2661 1565 2702 et

783 2848 805 2869 ⁸
837 2847 914 2886 Sic.

1610 415 1719 441 Pnop.
1743 414 1824 440 xtv.

1617 463 1803 483 ⁵-·-·v·—‘
