1982 3204
0 2659 3 2677 -<
0 2489 13 2649 *vv-ww
0 1906 17 2474 WQWWV'WW
0 1859 7 1878 «ἡ
0 1808 5 1847 ”-·’
0 1778 5 1782 v
0 1737 9 1765 -·›
0 1715 15 1722 j
0 1683 3 1691 ··
0 1631 4 1670 ’Ψ-

710 255 1157 291 scenssusrch.
1531 249 1621 291 351

301 363 460 408 Nescio
476 363 683 408 Doctores
702 364 846 421 qualia
862 379 994 423 regna
1012 365 1175 409 volunt.

245 429 407 475 Omnes
425 430 658 486 alloquitur
677 430 888 474 Dominus
908 446 984 488 per
1003 430 1145 474 Biblia
1164 447 1306 482 sacra3

304 497 533 553 Verbaque
553 496 660 539 clam
681 497 804 540 nobis
821 497 939 540 nulla
956 505 1147 540 susurrat
1166 498 1238 541 eis.

244 561 329 606 Dic
349 563 466 614 mihi,
482 562 647 613 Pauus,
667 578 827 620 precor,
848 564 948 607 secli
967 564 1154 607 studiose
1174 564 1345 616 vetusti,

302 628 364 672 Et
383 644 527 672 severe
548 629 652 671 satis
671 629 878 672 censorin
899 629 1086 680 historia,
1452 655 1524 673 «ι.-

247 694 358 750 Quis
377 695 463 738 suit
481 694 552 738 ille
572 694 804 746 hominum,
825 695 900 751 qui
922 711 966 739 se
984 696 1085 751 (nisi
1107 695 1203 739 Rex
1223 696 1308 740 suit
1328 697 1459 753 idem)

306 761 410 804 Esse
431 760 717 803 Deo-doctum
738 761 876 805 dicere
896 762 1057 818 primus
1075 763 1199 805 emt?

246 826 328 870 Pr.
362 825 454 871 Scis
474 834 523 869 ut
546 826 791 869 Aristotelis
810 827 1020 870 trutinata
1038 828 1259 871 cacumina
1277 844 1418 872 rerum

304 892 357 936 In
377 892 462 935 duo
481 892 638 942 divisit,
663 891 899 936 Stultitiam
919 901 1049 949 atque
1070 893 1241 937 Dolum.
1579 898 1633 940 70

246 957 330 1003 Est
347 958 469 1002 dolus
488 958 531 1000 in
554 959 693 1007 rebus,
715 966 815 1001 sunt
836 959 940 1002 certi
960 959 1144 1016 denique
1164 960 1299 1004 stulti.

305 1025 430 1069 Utris
448 1024 709 1067 conveniunt
727 1024 866 1082 Regia
885 1034 1050 1082 sceptra
1070 1027 1237 1084 magis?

245 1091 309 1135 Et
326 1091 477 1134 melius
496 1090 697 1133 defendet
710 1099 819 1142 uter,
837 1092 1051 1135 stultusne
1070 1092 1275 1144 dolosum,

305 1158 437 1200 Anne
457 1156 629 1199 dolosus
649 1172 747 1200 eum
768 1158 843 1213 qui
863 1166 979 1201 caret
998 1159 1203 1215 ingenio?

247 1226 334 1268 Soc.
366 1224 505 1266 Arma
524 1222 773 1267 Deo-doctis
793 1225 979 1282 ipsorum
999 1225 1093 1282 lege
1114 1233 1337 1282 negantur.

307 1289 413 1333 Vita
431 1297 572 1333 truces
591 1290 754 1347 gladios
773 1298 862 1333 tam
882 1291 1067 1348 pretiosa
1085 1292 1211 1349 sugit.

247 1356 366 1414 Ergo
385 1355 543 1412 quibus
561 1356 670 1407 telis,
692 1356 848 1412 quibus
868 1357 1044 1408 artibus,
1059 1365 1105 1400 et
1124 1357 1280 1414 quibus
1300 1358 1427 1402 armis

306 1422 401 1466 Nos
419 1421 464 1464 hi
484 1421 727 1472 defendent,
748 1422 944 1478 bellaque
963 1430 1109 1466 nostra
1126 1424 1310 1480 gerent?

250 1489 330 1532 Pr.
362 1487 483 1543 Quos
502 1494 551 1531 tu
571 1487 682 1531 forte
698 1488 823 1531 times
842 1488 985 1531 hostes
1003 1504 1088 1532 non
1108 1489 1215 1540 dieo,
1237 1505 1316 1533 nee
1334 1505 1480 1533 arma:

309 1554 422 1600 Sunt
440 1554 582 1598 hostes
599 1554 685 1605 alii,
706 1554 1002 1610 terribilesque
1021 1555 1171 1612 magis.
1579 1560 1637 1600 80

248 1620 332 1664 Est
350 1620 509 1663 mundo
528 1627 674 1662 nostro
694 1619 878 1662 mundus
897 1620 1186 1663 conterminus
1204 1620 1325 1673 alter,

307 1685 459 1730 Nostri
478 1685 703 1736 dissimilis,
724 1694 1040 1743 perpetuusque
1058 1701 1198 1731 eomes
1211 1703 1224 1729 ε

251 1751 341 1808 Qui
361 1752 574 1795 Phoebum
594 1767 814 1808 nunquam
834 1752 955 1803 vidit,
976 1767 1281 1809 nunquamque
1301 1753 1477 1806 videbit,

309 1817 688 1873 Quantuncunque
707 1817 887 1874 gradum
906 1817 1102 1875 grandiat
1120 1817 1191 1861 ille
1210 1834 1334 1861 suum
1347 1835 1360 1862 ε

253 1883 481 1940 Quemque
499 1883 665 1926 habitat
684 1883 867 1940 populus
885 1898 1150 1934 numerosus,
1170 1884 1246 1940 qui
1265 1900 1405 1942 neque
1422 1892 1606 1930 mortem

309 1950 356 1993 N
358 1966 407 1994 ec
425 1951 621 1994 morbum
640 1956 827 1998 norunt3
859 1949 1078 2007 spirituale
1096 1965 1259 2007 genus3

252 2016 423 2066 Umbri,
448 2015 675 2067 Somnites,
698 2016 976 2067 Amenenees,
995 2016 1346 2069 Astheneentes¹,

307 2082 371 2126 Et
386 2080 711 2131 Cacodaemonii,
724 2080 1023 2137 Daemoniique
1040 2081 1126 2132 alii,

253 2147 483 2204 Quotquot
501 2155 547 2190 et
564 2147 664 2191 hinc
682 2147 874 2190 homines
892 2146 1027 2190 nostri
1046 2147 1287 2191 moriuntur
1303 2148 1358 2192 ad
1376 2148 1496 2192 illos:
1587 2150 1643 2192 90

309 2214 407 2258 Nec
425 2229 574 2271 regum
594 2213 711 2271 leges
729 2213 774 2255 id
793 2213 1015 2270 prohibere
1033 2213 1191 2256 valent.

254 2281 319 2326 Hi
338 2280 461 2325 nobis
480 2280 635 2331 hostes,
655 2279 701 2322 hi
715 2295 794 2323 nos
811 2279 1046 2323 terroribus
1064 2279 1260 2337 implent,

311 2346 514 2391 Desessos
534 2346 696 2389 animos
715 2361 794 2389 nec
812 2345 999 2390 relevare
1019 2345 1179 2389 sinunt.

254 2412 475 2457 Invadunt
492 2411 685 2455 homines
704 2418 835 2455 noctu
854 2427 1089 2468 somnoque
1107 2412 1274 2470 ligatos,

313 2478 541 2523 Terribiles
560 2477 708 2529 oculis,
727 2478 960 2536 unguibus,
979 2486 1112 2534 atque
1130 2478 1270 2522 minis.

257 2545 470 2588 Attamen
483 2543 537 2587 sd
551 2543 705 2595 lucem,
725 2544 913 2601 percussi
932 2544 1116 2601 pectoris
1134 2559 1288 2602 agmen

317 2608 592 2666 specttorum
610 2610 750 2653 ventis
769 2625 904 2667 ocyus
921 2625 1047 2653 omne
1062 2609 1189 2667 fugit.

260 2673 347 2720 Sed
365 2674 566 2731 quoniam
585 2677 804 2719 metuebat
821 2677 876 2719 ab
894 2675 962 2719 his
977 2675 1093 2732 quod
1112 2682 1204 2718 emt
1222 2674 1512 2726 metuendum,

315 2739 378 2784 Et
395 2741 592 2797 spel-ebat
608 2741 663 2784 ab
681 2740 748 2784 bis
767 2741 921 2792 omnia,
942 2741 1071 2784 turbs
1088 2740 1208 2791 levis,

746 2865 756 2885 ⁸
781 2864 889 2910 [vide
905 2864 1174 2910 Gtossuuun]
