1982 3204
480 280 727 320 Αιιαυοτ
753 281 1112 316 osone-rium
1139 283 1258 317 mc,
1467 275 1558 319 183

168 396 335 438 mento
359 391 554 453 probari
583 399 750 456 potest
772 392 1065 456 quadratum
1087 408 1118 441 a
1142 394 1225 441 BL
1259 394 1419 442 minus
1453 411 1557 444 esse

168 462 376 528 decuplo
414 467 652 529 quadrato
687 485 719 517 a
755 469 856 527 BE,
892 469 1011 533 quin
1047 468 1222 517 eodem
1269 471 1557 533 probabitur

166 539 458 603 quadratum
499 558 530 590 a
570 543 652 591 BC
698 544 859 592 minus
899 559 1005 592 esse
1047 552 1260 607 quatuor
1305 545 1556 608 quadratis

167 614 384 677 ejusdem
403 616 500 665 BE.
550 619 960 682 Impedimentum
975 635 1092 683 ergo
1108 620 1390 683 geometriae
1405 637 1557 669 unum

167 705 256 753 per
278 690 422 754 huJus
446 692 745 742 difficultatis
770 694 1080 752 solutionem,
1105 703 1155 742 et
1176 694 1380 743 fortasse
1404 698 1558 744 maxi-

167 781 317 824 mum,
336 768 647 816 sustulimus:
681 769 926 827 nimirum,
953 771 1369 833 computationem
1394 787 1556 835 super-

167 841 387 890 ficierum
410 859 498 906 per
521 843 674 892 lineas
698 845 803 892 sine
827 843 1101 892 latitudine.
1509 859 1541 903 x

723 1154 866 1203 CAP.
890 1155 1002 1203 VII.

473 1272 557 1320 De
581 1271 756 1320 mediis
770 1271 1249 1337 proportionalibus.

167 1386 205 1420 1.
240 1372 414 1421 lna-nn
439 1372 559 1420 duas
588 1381 748 1421 rectas
780 1372 918 1421 datas
953 1372 1164 1420 mediam
1194 1372 1412 1420 invenire
1443 1389 1572 1437 pro-⁷

163 1449 501 1512 portionalem,
526 1449 731 1497 docetur
753 1449 814 1497 ab
838 1448 1040 1496 Euclide
1062 1449 1126 1496 vi.
1150 1464 1290 1512 prop.
1325 1454 1399 1496 13.

230 1538 286 1573 11.
323 1524 461 1572 Inter
483 1523 648 1573 datam
672 1533 859 1572 rectam
884 1532 933 1572 et
964 1524 1116 1587 ipsius
1141 1524 1389 1572 semissem
1420 1523 1557 1571 inve-

162 1599 271 1647 nire
294 1598 415 1648 duas
440 1599 623 1648 medias
646 1599 1053 1663 proportionales.
1125 1599 1201 1646 Sit
1220 1599 1336 1646 data
1363 1599 1464 1662 (fig.
1481 1598 1552 1660 iv)

162 1683 301 1724 reeta
323 1675 425 1732 Dc,
450 1684 501 1723 et
523 1676 674 1739 ipsius
699 1675 909 1723 semissis
933 1675 1031 1724 CG.
1100 1674 1436 1738 Disponantur
1469 1689 1556 1722 au-

161 1756 264 1798 tem
285 1750 350 1799 ad
372 1751 579 1814 angulos
610 1758 773 1799 rectos
804 1751 855 1798 in
879 1750 934 1799 C.
1003 1750 1193 1799 Deinde
1225 1751 1311 1798 fiat
1346 1748 1556 1814 quadra-

161 1832 268 1874 tum
305 1826 482 1875 DABC
513 1845 525 1874 ε
562 1835 852 1889 seceturque
883 1834 991 1874 tum
1027 1842 1057 1874 a
1092 1825 1430 1889 diagonalibus
1454 1824 1555 1883 AC,

164 1900 271 1960 BD,
295 1909 401 1950 tum
424 1917 455 1950 a
477 1902 625 1949 rectis
649 1902 717 1965 ᾔ,
739 1918 808 1966 qp
833 1901 1239 1949 concurrentibus
1273 1901 1325 1948 in
1350 1901 1399 1948 H
1436 1916 1558 1963 qua-

164 1975 431 2025 drifariam.
491 1977 724 2025 Sumatur
747 1977 876 2024 inter
900 1976 982 2024 BC
1005 1984 1056 2024 et
1079 1976 1326 2024 semissem
1350 1977 1454 2040 ejus
1473 1975 1557 2024 CG

162 2051 326 2101 media
360 2052 765 2116 proportionalis:
800 2059 876 2100 est
909 2060 1075 2100 autem
1098 2067 1158 2100 ea
1178 2051 1379 2115 aequalis
1416 2051 1558 2099 semi·

163 2127 410 2192 diagonali
444 2127 552 2176 HC.
622 2126 779 2175 Radio
805 2127 898 2176 HC
934 2127 1239 2175 describatur
1273 2142 1416 2175 arcus
1454 2126 1555 2185 Cm,

163 2218 335 2252 secans
359 2220 424 2268 qp
447 2203 745 2267 productam
768 2202 819 2250 in
844 2219 904 2251 m.
974 2203 1273 2266 Seceturque
1305 2218 1448 2250 arcus
1471 2202 1558 2250 Cm

163 2277 403 2327 trifariam
442 2278 515 2338 (id
545 2279 628 2342 qui
666 2279 768 2335 fiat,
802 2278 1194 2326 demonstratum
1226 2285 1302 2325 est
1336 2278 1388 2325 in
1417 2277 1557 2324 Luce

163 2353 525 2402 Mathematica
549 2353 614 2401 ad
638 2354 921 2402 CoNTRov.
946 2353 1035 2415 xii)
1063 2354 1113 2401 in
1137 2353 1169 2400 k
1199 2362 1251 2402 et
1285 2352 1307 2401 l
1325 2371 1337 2401 :
1373 2352 1557 2400 ducan-

165 2436 345 2493 turque
382 2429 483 2487 Hk,
509 2428 591 2477 Hb
627 2437 848 2477 secantes
874 2427 959 2478 DC
996 2429 1046 2477 in
1071 2446 1103 2476 n
1125 2438 1176 2477 et
1206 2446 1250 2478 ο.
1323 2427 1558 2475 Sumatur

165 2510 331 2552 autem
369 2503 446 2552 Cx
474 2504 672 2568 aequalis
708 2504 796 2552 Cn.
866 2504 1089 2552 Ducatur
1128 2521 1197 2551 xa
1235 2503 1468 2567 parallela
1507 2512 1558 2550 et

166 2578 365 2643 aequalis
404 2580 499 2644 Cp,
536 2595 706 2628 secans
745 2579 837 2629 HC
876 2581 927 2628 in
966 2597 1008 2628 e.
1076 2580 1164 2628 Est
1194 2596 1312 2643 ergo
1337 2579 1406 2627 Ce
1438 2594 1558 2642 qua-

169 2652 383 2702 dratum.
451 2655 702 2713 Similiter,
726 2671 815 2719 per
838 2664 1076 2718 punctum
1100 2672 1128 2702 ο
1151 2654 1363 2703 dueatur
1396 2652 1558 2717 paral-

166 2727 262 2776 lela
296 2727 441 2777 lateri
472 2729 570 2788 BC,
594 2746 766 2778 secans
792 2730 885 2778 HC
911 2730 963 2778 in
987 2730 1041 2777 b:
1077 2739 1128 2778 et
1150 2746 1240 2794 per
1264 2729 1294 2777 b
1324 2736 1462 2776 recta
1485 2727 1557 2786 bc,

167 2818 338 2851 secans
374 2804 462 2868 Hp
492 2804 545 2852 in
578 2822 632 2853 e:
667 2812 909 2868 eruntque
945 2813 1052 2853 tum
1085 2804 1160 2861 eb,
1197 2813 1301 2852 tum
1335 2802 1415 2850 Hb
1439 2817 1557 2865 qua-

169 2877 324 2927 drata.
410 2878 538 2928 Nam
578 2888 694 2930 sunt
738 2880 1025 2944 rectangula
1066 2894 1213 2943 super
1251 2877 1557 2942 diagonalem

1626 413 1718 440 CAP.
1739 413 1793 440 Vl.

1611 459 1804 480 bqr—d

1574 549 1657 576 metri
1671 549 1709 577 ad
1724 549 1839 578 rudium

1574 590 1686 620 circuli.
