1982 3204
147 395 258 421 PRox‘.
279 396 350 422 vn.

153 441 342 464 *γῇ-α

118 478 163 507 De
184 480 384 517 magnitudine

115 531 202 552 arcus
214 523 325 552 circuli.

402 259 464 302 22
733 268 994 304 ROSETUM
1022 269 1450 306 GEOMETRICUM.

471 378 690 428 Conseet.
715 380 765 428 ii.
802 380 981 428 Iisdem
1015 380 1269 436 stantibu8‚
1303 379 1444 428 lateri
1468 381 1558 429 AD
1582 381 1780 446 adjicia-

401 461 482 502 tur
504 455 555 502 in
579 455 817 503 directum
841 457 924 520 Dg
948 455 1145 518 aequalis
1180 461 1327 503 rectae
1358 455 1450 514 Dz,
1475 456 1526 504 id
1549 465 1623 505 est
1645 458 1782 506 arcui

401 531 502 579 CL:
529 532 705 580 deinde
730 542 862 581 secta
895 541 1000 581 tota
1023 531 1108 596 Ag
1135 531 1357 579 bifariam
1391 531 1440 578 in
1465 532 1511 590 h,
1537 539 1707 581 centro
1731 534 1779 592 Ῐι,

397 606 534 655 radio
549 607 627 655 ΙιΑ
640 609 715 656 vel
733 609 818 673 hg,
838 608 1141 656 describatur
1161 621 1302 653 arcus
1320 606 1489 654 circuli
1503 607 1592 655 AY
1610 623 1781 657 secans

398 681 525 731 latus
552 683 638 731 DC
662 684 712 731 in
735 684 793 732 Y.
835 684 940 731 Erit
964 699 1081 745 ergo
1106 682 1195 729 DY
1219 682 1381 730 media
1403 683 1781 746 proportionalis

396 757 526 806 inter
548 759 673 807 latus
698 758 783 808 DC
809 767 857 807 et
881 760 971 806 Dz.
1018 758 1180 805 Ducta
1203 773 1320 821 ergo
1346 766 1483 806 recta
1506 759 1599 808 YQ
1621 759 1781 822 paral-

394 832 490 881 lela
518 834 660 882 lateri
692 835 789 890 BC,
820 840 1015 882 secante
1051 833 1358 897 diagonalem
1393 834 1481 881 DB
1517 834 1568 882 in
1604 832 1661 893 Q,
1686 835 1782 883 erit

398 907 493 967 YQ
509 909 635 957 latus
655 910 880 973 quadrati
902 910 1008 974 (per
1027 909 1362 957 demonstrata
1378 910 1439 957 ab
1459 909 1776 974 Archimede)

395 985 590 1048 aequalis
613 986 788 1033 sectori
813 983 958 1042 DCL,
983 985 1084 1032 sive
1109 984 1297 1032 octanti
1324 985 1476 1033 totius
1500 985 1671 1034 circuli
1694 986 1779 1035 de-

397 1059 565 1123 scripti
588 1060 946 1108 semidiametro
971 1060 1078 1108 DA.

461 1135 709 1183 ANIMAD.
746 1136 858 1183 Non
871 1151 991 1200 ergo
1005 1133 1238 1182 transibit
1254 1133 1356 1185 YQ
1361 1151 1460 1199 per
1473 1135 1778 1184 intersectio-

395 1227 502 1258 nem
525 1217 672 1258 reetoe
696 1211 780 1258 DF
797 1217 846 1258 et
865 1226 1015 1258 arcu-s*
1034 1208 1132 1268 GL,
1149 1216 1203 1257 ut
1220 1209 1306 1258 ille
1323 1211 1598 1275 supposuit.
1644 1211 1779 1259 Nam

396 1286 454 1333 id
467 1286 731 1350 refutatum
748 1287 872 1334 sati-s·
892 1292 967 1333 est
981 1285 1044 1333 ab
1072 1285 1325 1334 Wallisio:
1345 1287 1459 1350 quia
1476 1287 1522 1334 si
1541 1287 1615 1335 ita
1633 1293 1777 1346 esset,

394 1368 534 1409 recta
561 1363 648 1418 Dz,
671 1378 815 1426 quam
839 1362 917 1409 hie
944 1361 1178 1425 oequalem
1201 1369 1334 1410 esset
1359 1362 1482 1410 dicit
1512 1363 1654 1411 arcui
1677 1361 1776 1422 CL,

394 1436 601 1501 oequalis
635 1444 767 1486 esset
800 1443 1011 1501 quatuor
1044 1437 1231 1501 quintis
1266 1436 1445 1485 lateris
1453 1456 1473 1493 ;
1508 1437 1672 1487 atille
1694 1439 1776 1487 de-

393 1513 692 1560 monstravit.

462 1587 680 1635 Consect.
705 1588 772 1636 iii.
809 1588 1041 1651 Sequitur
1073 1588 1190 1636 hinc
1224 1604 1392 1636 arcum
1416 1587 1503 1638 AC
1538 1589 1776 1652 aequalem

392 1678 494 1710 esse
517 1664 798 1726 compositae
829 1679 889 1711 ex
918 1664 1071 1712 latere
1107 1662 1188 1713 BC
1225 1671 1275 1712 et
1307 1673 1541 1728 tangente
1573 1670 1637 1714 30
1663 1681 1777 1730 gra-

391 1738 556 1786 duum.

458 1815 701 1863 Quoniam
721 1815 850 1862 enim
869 1814 956 1862 DC
978 1823 1054 1863 est
1071 1814 1232 1862 media
1250 1814 1628 1879 proportionalis
1646 1815 1777 1864 inter

389 1906 556 1938 arcum
573 1888 658 1938 AC
678 1898 727 1938 et
748 1891 840 1938 DR
860 1909 871 1938 z
896 1891 936 1938 si
954 1891 1018 1939 ad
1041 1890 1133 1938 DR
1151 1898 1203 1938 et
1226 1891 1312 1939 DC
1330 1898 1606 1939 assumatur
1628 1893 1776 1941 tertia

387 1966 777 2029 proportionalis,
803 1967 895 2015 erit
926 1967 1008 2014 illa
1038 1966 1238 2030 aequalis
1268 1966 1410 2014 lateri
1433 1965 1516 2015 BC
1540 1982 1639 2014 una
1661 1983 1775 2015 cum

387 2050 620 2105 tangente
646 2047 708 2090 30
739 2042 995 2105 graduum.
1067 2041 1165 2090 Sed
1199 2041 1535 2090 renovandum
1569 2049 1643 2091 est
1670 2043 1774 2092 dia-

386 2133 620 2181 gramma.

454 2196 529 2243 Sit
544 2212 659 2259 ergo
676 2194 855 2244 ABCD
874 2195 1164 2259 quadratum
1181 2195 1389 2243 divisum
1407 2195 1772 2259 quadrifariam,

387 2278 492 2318 tum
515 2287 545 2319 a
567 2272 712 2319 rectis
734 2272 828 2330 EF,
847 2272 963 2331 GH,
990 2279 1096 2319 tum
1119 2287 1150 2319 a
1172 2271 1510 2335 diagonalibus
1533 2271 1641 2329 AC,
1666 2271 1771 2330 BD,

386 2347 787 2395 concurrentibus
812 2348 862 2395 in
887 2348 925 2395 I.
994 2348 1251 2396 Ducantur
1269 2363 1460 2410 quoque
1485 2363 1628 2395 arcus
1652 2363 1771 2410 qua-

386 2421 629 2470 drantales
654 2421 756 2481 AG,
773 2422 878 2483 BD,
902 2431 1122 2471 secantes
1145 2423 1240 2481 EF,
1260 2421 1354 2473 GH
1378 2422 1428 2470 in
1453 2423 1498 2470 K
1525 2430 1575 2471 et
1598 2423 1662 2471 X.

452 2497 716 2545 Sumantur
734 2499 786 2546 in
809 2499 1061 2562 productis
1085 2499 1182 2556 BC,
1206 2499 1299 2547 GH
1336 2506 1485 2546 rectae
1515 2498 1614 2558 CL,
1642 2499 1766 2558 HM,

383 2579 589 2634 utraque
605 2573 863 2622 semilateri
878 2575 1101 2638 aequalis:
1116 2575 1446 2638 jungaturque
1463 2573 1576 2622 ΒΜ.
1605 2574 1769 2624 Ducta

386 2661 503 2708 ergo
541 2646 653 2705 ΒΜ,
689 2648 771 2695 illa
802 2657 857 2697 ut
894 2649 1256 2698 semidiametro
1288 2647 1594 2696 describatur
1623 2665 1768 2699 arcus

386 2721 554 2769 circuli
578 2737 744 2771 secans
770 2723 850 2773 BC
873 2725 1165 2788 productam
1187 2722 1290 2771 ini.
1350 2721 1590 2783 Quoniam
1615 2725 1768 2789 igitur

386 2794 469 2844 BL
494 2804 654 2859 potest
680 2814 854 2847 novem
883 2800 1172 2859 semilatera‚
1197 2806 1247 2848 et
1271 2798 1367 2847 LM
1391 2815 1560 2859 unum,
1580 2803 1765 2865 poterit
