1982 3204
562 294 673 328 Lux
701 291 1121 326 ΜΑτΗεΜΑτιοΑ.
1439 283 1524 326 121

149 418 267 467 ergo
290 403 515 467 proprius
547 403 610 452 ad
646 413 872 452 naturam
909 410 1057 451 rectae
1093 403 1355 467 perimeter
1376 404 1532 466 major
1551 418 1816 447 conmonu-

148 494 292 542 quam
320 480 493 527 minor.
1588 474 1667 530 ,⁸¹¹¹
1689 473 1778 530 vm,

213 553 459 602 Wallisius
483 554 601 603 nihil
626 554 758 602 aliud
782 554 965 617 objicit,
990 568 1135 614 quam
1161 552 1293 615 quod
1327 553 1532 600 totidem

147 627 380 677 flexiones
403 630 591 677 faciunt
614 629 782 676 circuli
804 629 1121 692 perimetrum
1146 627 1343 690 majoris
1375 635 1426 675 et
1448 628 1533 675 mi-

147 704 296 761 noris,
321 704 370 752 id
395 713 484 759 est,
509 720 567 752 ex
593 713 727 751 recta
757 703 894 751 brevi
919 711 970 751 et
1000 703 1147 766 longa
1171 703 1341 750 iisdem
1365 703 1535 751 flexio-

147 778 290 827 nibus
326 780 382 827 fit
421 780 683 843 perimeter
718 795 1044 842 quaecunque:
1079 778 1211 842 quod
1249 786 1326 826 est
1362 787 1536 826 contra

146 853 311 902 lumen
333 854 569 902 naturale.
1501 889 1537 930 X

214 930 456 979 Praeterea
479 930 587 992 quis
610 929 817 986 dubitat,
853 929 968 993 quin
995 945 1108 993 pars
1132 929 1310 993 exigua
1332 929 1535 992 superfi-

148 1005 239 1055 ciei
262 1005 463 1069 spbaerae
487 1005 710 1052 maximae
733 1005 924 1068 planior
953 1005 1031 1062 sit,
1064 1021 1209 1068 quam
1243 1003 1533 1052 tantundem

147 1080 416 1144 superficiei
442 1080 491 1127 in
510 1080 702 1143 sphaera
723 1080 924 1127 minima
945 1099 956 1127 :
993 1087 1042 1127 et
1065 1088 1341 1143 propterea,
1366 1095 1536 1126 omnes

147 1155 287 1204 simul
311 1164 474 1219 partes
498 1155 723 1203 omnibus
754 1155 898 1202 simul
933 1155 1152 1219 partibus
1176 1170 1279 1203 esse
1312 1155 1534 1218 majores.

148 1229 316 1280 Sentio
333 1246 452 1294 ergo
470 1247 581 1279 cum
604 1230 871 1279 Hobbesio.

553 1428 977 1462 CONTROVERSIA
1004 1430 1130 1462 VIII.

213 1521 294 1569 De
316 1522 587 1586 aequatione
605 1522 749 1570 lineoe
772 1530 921 1571 rectce
942 1530 991 1572 et
1016 1540 1162 1572 arcus
1181 1524 1371 1572 circuli.
1437 1538 1535 1572 Ro·

150 1611 271 1646 snm
296 1613 435 1661 prop.
459 1614 504 1644 v.

216 1673 502 1736 Repetenda
524 1681 599 1721 est
621 1673 716 1721 hoc
744 1673 853 1721 loco
886 1674 1036 1737 ipsius
1062 1674 1301 1722 Hobbesii
1335 1674 1536 1722 demon-

148 1748 322 1797 stratio
346 1756 397 1796 et
418 1749 590 1812 figura.
637 1750 725 1797 Est
747 1750 874 1797 enim
895 1750 1147 1813 problema
1164 1750 1535 1808 nobilissimum,

148 1839 180 1872 a
200 1824 403 1872 summis
434 1833 485 1872 et
522 1825 632 1872 imis
655 1826 918 1888 geometris
955 1826 1039 1874 diu
1064 1827 1321 1890 quaesitum
1355 1827 1538 1874 frustra

147 1907 199 1946 et
220 1899 323 1947 fere
347 1898 656 1962 desperatum
677 1918 689 1947 ε
715 1901 848 1964 quod
874 1902 1152 1950 Hobbesius
1177 1903 1535 1951 demonstrasse

150 1989 203 2026 se
224 1982 364 2038 putat
387 1974 483 2022 hoc
508 1975 670 2023 modo.

214 2049 383 2097 Media
414 2051 790 2114 proportionalis
822 2051 952 2100 inter
988 2052 1403 2101 semidiametrum
1442 2053 1539 2100 cir-

149 2123 245 2173 culi
274 2131 324 2172 et
358 2125 575 2188 ejusdem
614 2125 734 2174 duas
772 2127 982 2190 quintas,
1005 2128 1202 2191 aequalis
1239 2137 1314 2177 est
1349 2128 1539 2176 duabus

150 2199 332 2264 quintis
351 2208 540 2264 quartae
563 2202 717 2264 partis
741 2202 926 2250 circuli.

217 2275 533 2324 Describatur
575 2278 676 2340 (fig.
702 2279 753 2337 v)
797 2278 1040 2342 quadrans
1081 2279 1252 2327 circuli
1292 2279 1445 2338 DAC,
1486 2287 1540 2328 et.

151 2350 454 2415 compleatur
476 2351 767 2415 quadratum
791 2353 982 2402 ABCD.
1070 2354 1128 2402 In
1156 2354 1308 2402 latere
1332 2355 1419 2403 DC
1442 2355 1540 2418 sig-

150 2434 295 2474 netur
318 2426 420 2486 DT,
445 2426 556 2475 duae
592 2427 743 2491 ipsius
766 2429 951 2492 quintae
971 2449 982 2477 :
1019 2438 1070 2477 et
1101 2430 1230 2478 inter
1253 2430 1339 2478 DC
1379 2438 1429 2478 et
1452 2430 1540 2478 DT

151 2509 370 2550 sumatur
391 2502 554 2550 media
577 2504 954 2567 proportionalis
977 2505 1085 2563 DR,
1102 2514 1159 2553 ut
1182 2506 1281 2553 sint
1309 2504 1410 2565 DC,
1431 2506 1538 2563 DR,

155 2575 259 2633 ΒΤ,
281 2577 512 2625 continue
546 2580 967 2642 proportionales:
1009 2590 1060 2628 et
1091 2580 1430 2629 describantur
1460 2597 1538 2629 ar-

154 2665 240 2698 cus
263 2650 360 2709 Rs,
373 2652 459 2700 TV
476 2653 787 2717 quadrantes.
855 2656 943 2704 Est
965 2672 1108 2705 arcus
1121 2657 1207 2704 TV
1226 2656 1336 2704 duae
1354 2658 1540 2720 quintae

153 2739 295 2772 arcus
317 2725 418 2775 CA.

222 2798 356 2849 Dicit
376 2818 543 2852 arcum
564 2804 650 2853 TV
673 2813 723 2854 et
745 2814 930 2855 rectam
954 2807 1047 2855 DR
1069 2822 1173 2855 esse
1196 2806 1421 2870 aequales.
