1982 3204
464 278 710 317 Amono‘r
737 277 1099 322 cecum-mm
1129 278 1247 312 Ere.
1456 270 1546 315 193

155 387 368 452 scriptus
398 403 489 436 axe
522 388 601 436 EF
630 387 694 436 ad
725 388 960 436 circulum
998 387 1176 436 GEHF
1209 396 1281 436 est
1318 389 1465 437 etiam
1499 390 1546 437 in
1613 408 1701 434 cm».
1727 408 1780 433 1x.

157 462 407 528 duplicata
428 465 617 512 ratione
640 465 745 513 axis
763 465 842 513 EF
860 464 923 512 ad
946 463 1360 512 semidiametrum
1379 466 1547 513 circuli
1589 453 1796 523 ἶῙῙ-ζι

157 539 353 589 GEHF.
423 541 510 589 Est
535 556 653 603 ergo
677 540 956 605 superficies
988 539 1194 603 sphaerae
1220 540 1418 602 aequalis
1454 541 1546 588 cir·
1586 547 1797 609 ‘ggffijjffff

156 615 268 664 culo
312 617 451 679 cujus
491 616 851 663 semidiameter
891 623 967 662 est
1006 614 1110 662 axis
1153 615 1246 662 EF.
1327 614 1548 663 Circulus

155 698 321 738 autem
345 692 484 754 cujus
506 690 669 738 radius
692 699 764 738 est
788 690 893 738 axis
918 689 1123 753 sphaerae
1148 688 1450 752 quadruplus
1475 700 1550 739 cst

155 765 325 814 circuli
357 765 548 814 GEHF.
619 766 785 814 Quare
822 774 872 813 et
912 764 1193 828 superficies
1232 764 1437 828 sphaerae
1473 775 1546 813 est

155 840 429 905 quadrupla
450 840 684 904 ejusdem.
1508 852 1545 903 x*

220 930 324 965 vn.
360 915 592 979 Sequitur
614 915 730 963 hinc
754 915 1060 979 superficiem
1080 916 1415 978 cujuscunque
1439 930 1548 979 seg-

152 991 307 1040 menti
329 991 430 1039 sive
453 991 692 1054 portionis
715 991 915 1054 sphaerae
940 991 1003 1038 ad
1026 991 1333 1054 superficiem
1362 991 1547 1053 portio-

152 1065 230 1115 nis
251 1065 449 1130 reliquae
472 1082 577 1114 esse
609 1075 666 1114 ut
701 1066 863 1129 portio
895 1067 1001 1115 axis
1034 1066 1250 1114 abscissa
1284 1067 1346 1114 ab
1380 1067 1450 1114 11<
1484 1067 1547 1114 ad

152 1141 427 1206 portionem
453 1142 687 1206 reliquam
710 1161 721 1189 :
759 1158 951 1206 nempe,
974 1142 1279 1205 superficiem
1306 1143 1546 1205 portionis

153 1215 264 1265 1²11(
288 1232 395 1265 esse
426 1217 492 1265 ad
523 1218 830 1280 superficiem
863 1217 1104 1281 portionis
1136 1217 1252 1265 ΕΙΚ
1290 1226 1345 1265 ut
1381 1219 1546 1281 portio

148 1291 256 1340 axis
279 1291 359 1340 FL
379 1291 444 1340 ad
466 1292 740 1356 portionem
763 1292 1003 1356 reliquam
1026 1293 1123 1340 EL.

218 1381 347 1416 vul.
388 1367 627 1431 Denique,
667 1368 782 1431 quia
828 1367 1184 1416 demonstravit
1223 1368 1572 1416 Archimedes—

149 1444 460 1508 superficiem
504 1444 714 1508 cylindri
760 1460 1028 1492 convexam
1068 1443 1390 1508 quadruplam
1440 1460 1545 1491 esse

150 1519 322 1568 circuli
358 1520 442 1584 qui
473 1519 683 1583 cylindri
717 1528 792 1568 est
824 1520 984 1567 basis:
1021 1520 1241 1583 sequitur
1271 1519 1402 1567 idem
1439 1535 1543 1567 esse

150 1594 315 1659 quoad
337 1595 663 1659 quantitatem
697 1596 973 1659 superficiei
1010 1595 1313 1660 cylindricae‚
1338 1595 1438 1643 sive
1461 1611 1544 1658 ge-

149 1678 352 1718 neretur
373 1686 405 1718 a
435 1670 740 1719 revolutione
772 1670 1024 1734 perimetri
1053 1671 1183 1718 basis
1215 1671 1345 1718 circa
1382 1686 1540 1727 axem,

149 1745 253 1793 sive
282 1760 372 1808 per
393 1753 582 1794 motum
605 1746 737 1794 basis
774 1762 862 1810 per
885 1746 1093 1810 cylindri
1126 1747 1298 1805 latera,
1323 1747 1424 1794 sive
1454 1763 1544 1810 per

144 1819 315 1870 lateris
337 1830 526 1869 motum
550 1821 855 1871 circularem.
925 1821 1053 1871 Nam
1073 1823 1237 1870 omnia
1253 1823 1360 1870 haec
1384 1838 1541 1886 aequa·

148 1895 220 1944 les
240 1905 480 1960 generant
512 1897 785 1960 superficiei
809 1898 1126 1960 quantitates.
1196 1898 1368 1961 Neque
1393 1898 1542 1945 etiam

143 1970 258 2020 sine
277 1971 697 2021 demonstratione
721 1973 917 2021 difficile
951 1981 1026 2021 est
1061 1973 1336 2036 intelligere
1373 1973 1542 2020 discri-

147 2063 262 2096 men
284 2048 470 2097 nullum
497 2064 600 2096 esse
626 2049 676 2097 in
702 2048 927 2097 facienda
956 2050 1229 2113 superficie,
1253 2057 1418 2097 utrum
1451 2049 1540 2095 cir-

148 2122 288 2172 culus
312 2123 398 2188 qui
421 2132 494 2172 est
518 2124 727 2187 cylindri
749 2125 880 2173 basis
902 2125 1090 2174 feratur
1113 2133 1248 2173 recta
1279 2141 1368 2188 per
1399 2124 1540 2182 latuS,

146 2197 226 2246 vel
244 2197 296 2247 in
318 2199 452 2246 omni
476 2208 660 2262 puncto
684 2199 850 2248 lateris
873 2199 1215 2248 describantur
1239 2199 1441 2263 singulae
1459 2215 1540 2262 pe·

144 2272 356 2333 >rimetri,
396 2290 461 2322 an
499 2291 530 2323 a
570 2283 678 2323 toto
723 2275 876 2324 latere
923 2276 1230 2324 describatur
1275 2276 1540 2339 perimeter

147 2349 308 2397 unica.
378 2349 671 2413 Superficies
702 2351 833 2400 enim
864 2351 1090 2415 cylindri,
1128 2351 1181 2399 id
1211 2360 1302 2410 est,
1331 2350 1540 2414 cylindri

146 2424 382 2473 excoriati
403 2425 632 2489 pellicula
655 2427 853 2478 evoluta
876 2436 927 2475 et
957 2428 1008 2476 in
1031 2427 1180 2490 plano
1205 2427 1465 2490 explicata,
1483 2426 1540 2472 fit

145 2501 487 2564 rectangulum
511 2502 827 2564 cujusunum
861 2502 988 2550 latus
1012 2514 1089 2550 est
1124 2502 1253 2549 basis
1284 2501 1537 2557 diameter,

145 2574 356 2625 alterum
394 2575 525 2625 linea
563 2585 702 2625 recta
736 2579 877 2641 cujus
909 2577 1202 2640 quadratum
1240 2577 1427 2640 aequale
1463 2585 1539 2624 est

147 2649 317 2699 decem
340 2651 592 2715 quadratis
614 2668 645 2701 a
669 2652 799 2701 basis
822 2668 924 2700 suae
948 2652 1203 2700 diametm.

283 2948 405 2983 vot..
427 2949 481 2985 ν.
623 2925 625 2927 ’
1367 2950 1400 2980 o
