1982 3204
336 245 434 287 352
901 253 1167 287 msromA

337 365 421 405 Ars
438 378 524 405 non
544 377 698 420 magna
717 361 815 413 fuit,
830 363 920 419 jam
941 363 1086 405 fraenis
1108 377 1179 404 ore
1200 362 1393 418 receptis,

393 430 563 472 Ducere
585 429 840 486 perdomitos
861 444 947 484 qua
967 429 1137 471 voluere
1159 427 1238 470 via.
1650 429 1730 469 100

338 494 584 539 Sufficiebat
605 495 717 538 enim
738 494 976 551 conjunctis
997 494 1156 536 foedere
1177 492 1371 549 agyrtis¹,

394 562 503 605 Cum
524 561 604 605 sibi
624 562 679 604 sit
699 561 844 618 populi
864 560 1125 604 concilianda
1146 560 1261 609 fides,

336 628 467 671 Alter
487 635 537 671 ut
556 628 728 671 alterius
750 628 954 671 virtutem
975 626 1278 683 magnificaret,

394 694 448 736 In
470 695 738 751 speciemque
759 694 862 736 artis
885 694 1012 736 verba
1035 693 1172 734 locare
1194 707 1314 734 nova.

336 761 455 804 Hinc
475 761 646 818 Magus,
671 760 943 816 Astrologus,
967 758 1166 808 Divinus,
1193 757 1527 814 Sortilegusque,

394 826 597 871 Creditur
616 825 798 869 indoctis
819 841 907 868 esse
930 824 1147 881 Propheta
1167 824 1277 866 Dei:

336 893 515 936 Talibus
535 901 579 936 et
599 893 779 949 cupiunt
798 892 920 948 regni
940 890 1204 934 committere
1218 891 1330 947 jura,

393 960 492 1002 Aut
511 966 790 1016 praeceptores
811 958 923 1015 regis
943 958 1098 1000 habere
1119 957 1196 999 sui.

335 1026 421 1069 Sec.
457 1026 574 1070 Scire
596 1025 723 1068 velim
745 1026 907 1067 fontem
930 1024 1144 1066 sceleratae
1167 1022 1242 1078 qui
1263 1021 1348 1064 fuit
1367 1022 1484 1071 artis,

392 1092 622 1147 Primaque
644 1106 739 1146 quae
761 1098 892 1133 tantae
913 1090 1073 1132 fraudis
1094 1089 1213 1145 origo
1234 1089 1329 1130 fuit.
1650 1088 1730 1129 110

334 1159 414 1200 Pr.
447 1158 563 1202 Orbe
585 1157 669 1199 fuit
688 1164 779 1199 toto
801 1156 1013 1211 quondam
1035 1155 1241 1212 sapientia
1260 1155 1385 1198 vultu

393 1225 508 1275 Uno,
525 1225 596 1280 jus
617 1223 764 1280 patriae
786 1223 892 1265 scire
914 1230 957 1264 et
978 1237 1116 1264 amare
1138 1236 1251 1271 suae3

337 1290 478 1345 Quam
499 1290 644 1332 docuit
666 1290 844 1339 Natura,
866 1288 1040 1344 peritior
1061 1294 1151 1329 arte
1172 1286 1386 1343 magistra,

394 1357 628 1401 Commoda
648 1371 743 1411 quae
758 1355 888 1411 jussit
909 1369 1099 1410 quaerere
1121 1368 1334 1409 quemque
1355 1367 1441 1394 sua.

334 1424 452 1480 Ergo
473 1439 559 1466 suae
581 1439 707 1466 causa
726 1422 1019 1478 conspiravere
1040 1420 1187 1462 salutis

393 1490 556 1546 Exigui
575 1489 701 1532 multi
723 1500 909 1530 MAGNUS
929 1494 978 1530 ut
999 1493 1109 1530 esset
1130 1498 1283 1528 HoMo:

336 1557 684 1612 Cunctorumque
705 1555 855 1612 opibus
876 1569 1141 1597 communem
1163 1560 1213 1596 ut
1234 1552 1410 1609 pelleret
1429 1551 1607 1601 hostem,

397 1623 596 1668 Servaret
615 1638 775 1680 pacem,
791 1621 1090 1678 justitiamque
1111 1619 1238 1663 domi.

334 1689 529 1747 Regibus
549 1690 648 1732 hinc
668 1689 792 1739 vires,
814 1687 971 1745 populo
992 1693 1091 1729 sunt
1113 1686 1201 1728 otia
1221 1692 1346 1728 nata:

327 1778 330 1781 ·
395 1757 581 1799 Artibus
601 1755 798 1813 ingenuis
818 1754 953 1797 otium
975 1753 1094 1810 origo
1114 1751 1210 1794 fuit.
1648 1750 1729 1790 120

335 1822 461 1866 Tunc
482 1830 595 1865 astra
614 1830 657 1865 et
677 1821 828 1865 coelum
848 1819 1113 1869 mirantibus,
1135 1826 1228 1860 orta
1246 1816 1376 1858 libido
1397 1822 1462 1857 est

394 1888 595 1943 Quaerere
616 1888 720 1944 quid
740 1887 915 1938 faciunt,
934 1902 1019 1942 quo
1040 1891 1353 1942 properantque
1373 1882 1479 1925 loci:

336 1954 436 2010 Qua
455 1955 575 1998 nobis
595 1955 699 1998 facit
718 1961 808 1996 arte
828 1953 939 1995 diem
964 1951 1049 2002 Sol,
1072 1951 1284 2005 Lunaque
1305 1963 1505 1998 mensem,

393 2023 572 2065 Annum
595 2021 830 2077 complures
849 2018 1148 2073 aedificantque
1169 2017 1269 2059 dies.

334 2088 431 2132 Nec
451 2089 566 2145 leges
587 2095 754 2131 tantum
775 2086 992 2130 stellarum
1014 2098 1227 2140 quaerere:
1262 2081 1424 2124 frontes

394 2154 644 2211 Inspiciunt,
666 2161 812 2195 utrum
832 2166 1031 2208 prospera
1051 2164 1182 2192 necne
1202 2148 1353 2191 ferant.

333 2220 474 2264 Dama
494 2220 694 2262 viatorem
716 2219 775 2261 sic
795 2225 959 2275 spectat
979 2222 1320 2274 praetereuntem,

390 2286 615 2330 Fortuitus
637 2285 836 2341 quoniam
858 2284 992 2327 nescit
1012 2299 1066 2326 an
1087 2282 1218 2325 hostis
1238 2288 1319 2324 eat.

334 2353 450 2396 Hinc
471 2352 607 2409 primo
628 2352 748 2394 nobis
768 2366 835 2393 ars
855 2350 971 2392 utilis
992 2358 1328 2392 astronomorum

390 2419 561 2476 Ingenii
581 2417 676 2475 puri
696 2417 782 2459 filia
802 2423 902 2458 nata
922 2415 1019 2458 suit.
1649 2414 1730 2454 130

333 2485 440 2529 Haec
460 2501 558 2528 cum
577 2483 812 2539 deliquium
833 2490 948 2524 certa
968 2480 1216 2538 praediceret
1236 2478 1340 2521 hora

390 2550 543 2595 Phoebi
563 2550 630 2593 vel
653 2549 846 2599 Phoebes,
868 2564 934 2591 res
955 2547 1198 2601 faceretque
1219 2545 1363 2587 fidem:

335 2617 382 2662 Si
403 2633 489 2674 quo
510 2617 709 2673 quodque
730 2615 821 2658 loco
842 2614 938 2657 coeli
959 2629 1003 2656 se
1023 2612 1264 2656 ostenderet
1283 2617 1457 2660 astrum,

378 2755 388 2775 ¹
415 2751 809 2801 [dybpraasimpliciten
821 2750 881 2796 qui
891 2762 997 2796 popu-
1046 2748 1195 2782 titudine
1210 2746 1397 2794 pharmaca
1410 2746 1529 2792 aliqua
1550 2751 1729 2786 ostentant,

332 2810 405 2845 lum
430 2814 628 2854 conareyant
640 2822 651 2842 :
670 2808 763 2847 item,
779 2804 995 2840 circulatores
1043 2816 1145 2850 eaque
1157 2803 1380 2850 proedicantes
1393 2801 1591 2837 divendant.
1640 2799 1728 2835 Vide

331 2864 611 2911 dremnfhranei,
627 2864 686 2909 qui
702 2868 897 2908 ‹·nnyre9n!a
913 2859 998 2895 mul—
1047 2856 1319 2901 Gmssnumn]
