1982 3204
255 223 365 272 xcvi

299 338 328 371 si
341 339 485 373 circulus
507 345 597 373 moto
612 345 705 373 motu
719 341 867 384 simplice
888 348 1039 375 movente

297 383 492 426 descriptus,
508 384 631 416 circulo
648 395 746 427 quem
761 385 917 418 describit
935 396 1038 428 punc-

297 432 366 460 tum
373 427 491 470 abipso
497 427 730 460 circumactum
736 435 822 461 esset
833 439 1038 461 commensu-

297 471 421 509 rabilis,
435 471 582 503 redirent
595 471 769 522 aliquando
782 472 953 514 utriusque
972 473 1037 504 cir-

298 514 365 546 culi
380 520 503 556 puncta
518 515 559 546 ad
575 515 715 547 eundem
731 515 840 547 situm.
851 515 872 547 i.
884 516 1035 548 265:—-si

298 558 428 608 sphaera
442 565 566 590 motum
587 558 769 600 simplicem
786 559 912 597 habeat,
929 564 1037 591 motus

297 602 369 643 ejus
383 601 488 642 magis
499 601 670 644 dissipabit
682 602 901 644 heterogenea
913 608 1036 644 quanto

297 644 456 676 remotior
481 650 532 677 est
559 656 578 677 a
605 645 700 688 polis.
723 645 743 677 i.
766 649 844 678 265·
847 650 865 678 6
875 651 1036 677 2—-motus

296 687 376 719 ille·
368 698 403 719 ιιι
402 687 524 738 ‘planis
536 688 591 720 axi
591 688 940 738 perpendicularibus‚
953 688 1037 720 nihil

297 730 376 773 agit.
399 730 420 762 i.
443 734 505 765 267
518 731 601 764 z—si
630 742 749 774 corpus
779 742 843 763 non
873 731 1034 774 liquidum

297 774 402 806 motui
423 774 543 817 liquidi
569 774 723 807 circulari
753 774 894 817 simplici
917 776 1034 814 obstat,

297 818 355 850 fiet
381 823 489 850 motus
511 818 722 861 expansionis
744 829 804 868 per
819 819 1034 861 superficiem.

296 860 376 893 ibid.
388 866 548 894 :—-motus
576 861 745 893 circularis
774 862 862 893 circa
886 869 1035 894 centrum

295 914 432 936 manens
446 904 601 956 imposita
614 904 888 937 circumferentiae
902 916 963 937 nec
980 905 1036 937 ad-

296 947 456 980 haerentia
470 948 603 991 projicit
617 959 676 990 per
691 953 890 997 tangentem.
905 948 985 998 ibid.

295 996 405 1023 motus
420 991 589 1023 circularis
601 992 811 1041 compositus,
822 991 910 1033 quid.
928 991 949 1024 i.
962 995 1034 1025 267.

295 1033 475 1073 circularis,
491 1035 578 1067 circa
601 1046 695 1067 axem
711 1034 894 1073 immotum,
910 1035 1036 1067 excutit

295 1077 427 1119 longius
442 1089 462 1109 a
472 1083 585 1110 centro
594 1077 752 1121 quicquid
762 1078 948 1120 superficiei
958 1089 1035 1111 con-

295 1120 425 1163 tiguum
441 1121 504 1163 ipsi
518 1132 584 1153 non
600 1122 754 1153 adhaeret.
770 1121 791 1153 i.
809 1125 882 1154 268.

295 1164 448 1196 circulari
462 1164 610 1214 simplice
625 1170 723 1204 mota,
739 1170 864 1196 motum
878 1170 1038 1207 generant

295 1208 447 1239 eundem.
463 1207 484 1240 i.
499 1212 573 1240 268.

296 1256 405 1282 motus
429 1261 495 1282 non
521 1251 586 1283 erit
600 1250 745 1293 perfecte
759 1250 943 1290 circularis,
957 1250 985 1283 si
1001 1251 1036 1283 id

296 1294 386 1336 quod
400 1294 447 1326 ita
461 1300 587 1326 motum
603 1300 653 1326 est
675 1294 794 1326 habeat
809 1294 945 1326 alteram
960 1305 1035 1337 par-

295 1342 362 1369 tem
378 1337 504 1377 duram,
521 1337 656 1370 alteram
677 1337 821 1369 fluidam.
836 1337 858 1369 i.
875 1341 949 1371 270.

296 1380 362 1412 duo
377 1391 500 1430 genera
514 1381 707 1419 mediorum,
722 1381 757 1413 in
773 1381 893 1423 quibus
908 1381 952 1413 sit
966 1392 1034 1413 mo-

295 1429 358 1456 tus.
385 1424 407 1455 i.
431 1428 513 1458 272:
515 1424 752 1500 —sfrppagatio
768 1425 840 1467 ejus
863 1435 883 1456 a
898 1435 1036 1467 corpore

293 1467 329 1499 in
344 1478 473 1510 corpus,
486 1479 542 1510 qui
594 1467 664 1500 ibid
686 1473 846 1500 -—motus
861 1479 880 1499 a
894 1468 1036 1510 compri-

294 1511 470 1550 mentibus,
501 1511 584 1554 quis.
611 1511 706 1544 ibid.:
699 1517 876 1543 ·—motus
901 1517 951 1543 est
977 1511 1035 1543 ali-

295 1554 450 1596 quando'
441 1565 475 1586 ιιι
488 1554 674 1597 oppositum
690 1554 844 1586 moventi.
859 1554 881 1586 i.
897 1558 970 1588 276.

294 1603 403 1629 motus
418 1597 453 1629 in
468 1598 576 1630 medio
588 1598 686 1638 pleno
696 1603 898 1641 propagatur
912 1598 953 1630 ad
969 1598 1035 1630 dis-

294 1641 433 1673 tantiam
458 1642 647 1684 quamlibet.
660 1641 682 1673 i.
699 1645 762 1675 278
776 1646 862 1674 z—et
876 1641 943 1674 id
934 1652 969 1674 ιιι
984 1641 1035 1673 in·-

294 1690 411 1717 stante.
434 1684 456 1717 i.
472 1689 535 1717 319
545 1691 706 1717 :—motus
730 1684 764 1716 in
792 1695 929 1735 corpore
957 1695 1035 1717 con-

295 1727 389 1759 tinuo
404 1734 606 1771 propagatur
620 1728 655 1759 in
669 1727 847 1760 infinitum.
861 1728 885 1760 i.
899 1732 972 1761 405.

295 1781 500 1813 quaecunque
526 1782 640 1814 pressa
665 1777 722 1804 aut
745 1777 839 1804 tensa
853 1782 888 1804 se
903 1771 1037 1804 restitu-

294 1820 364 1853 unt,
380 1821 506 1846 motum
522 1815 673 1847 habent
664 1826 698 1846 ιιι
714 1815 863 1865 partibus
887 1815 1036 1849 internis.

294 1857 316 1890 i.
333 1862 396 1890 280
404 1864 565 1891 :—motus
580 1858 809 1896 restitutionis,
826 1859 910 1908 quis.
927 1858 1006 1891 ibid.

294 1906 405 1933 motus
434 1901 581 1951 incipere
604 1912 669 1933 non
699 1907 808 1943 potest
828 1901 865 1934 in
887 1902 1037 1945 partibus

294 1944 442 1994 corporis
457 1945 606 1977 internis.
622 1944 644 1977 i.
658 1949 733 1978 283.

295 1987 425 2030 quoties
454 1988 566 2030 plures
604 1988 757 2020 dicantur
791 1993 910 2028 motus,
940 1989 1037 2021 toties

294 2031 391 2074 plura
406 2042 536 2074 quoque
553 2037 709 2074 tempora.
726 2031 747 2064 i.
764 2036 837 2064 321.

295 2080 406 2107 motus
430 2075 597 2113 animales,
622 2075 702 2117 quid
729 2082 816 2108 sunt.
843 2075 864 2107 i.
887 2079 961 2108 330.
987 2075 1037 2108 111.

295 2121 338 2150 40
353 2118 525 2157 :-—vitalis,
550 2118 640 2161 quid.
663 2118 684 2150 i.
712 2122 785 2150 331.
811 2118 858 2150 iii.
883 2122 923 2150 39
937 2119 1037 2151 :—vi-

296 2161 381 2200 talis,
398 2161 427 2193 si
451 2161 661 2204 impediatur,
678 2161 865 2194 restituitur
887 2162 939 2194 vel
959 2173 1038 2194 con-

297 2210 446 2237 servatur
469 2205 642 2247 quomodO.
655 2205 676 2237 i.
693 2209 793 2237 331-2
809 2211 951 2237 :—motu
967 2206 1037 2238 ani-

295 2247 374 2279 mali
404 2255 541 2280 conatus
580 2248 716 2291 primus,
741 2248 834 2291 quid.
867 2249 888 2281 i.
909 2253 971 2281 332
987 2262 1039 2281 :—

295 2297 405 2323 motus
429 2291 589 2330 animalis,
612 2291 647 2323 in
663 2292 807 2330 foetibus,
822 2291 938 2334 qualis.
951 2292 1038 2325 ibid.

295 2341 404 2366 motus
428 2337 585 2366 circularia
611 2335 751 2377 simplex
777 2335 848 2373 soli,
874 2341 982 2374 terrm,
1006 2342 1039 2368 et

295 2377 436 2419 planetis
452 2378 591 2419 singulis
607 2378 703 2417 inest,
721 2386 755 2410 et
778 2389 907 2420 semper
922 2384 1000 2411 erat.
1016 2379 1037 2412 i.

295 2421 617 2463 348:——supponitur
626 2432 691 2452 non
708 2421 804 2453 modo
819 2421 854 2453 in
871 2427 968 2460 terra,
981 2422 1038 2454 sed

295 2463 393 2496 etiam
410 2464 444 2495 in
461 2464 538 2503 sole,
554 2464 642 2503 luna,
653 2470 686 2496 et
700 2464 837 2507 reliquis
851 2464 955 2497 stellis
972 2471 1037 2497 tam

295 2507 372 2539 fixis
403 2518 500 2550 quam
530 2508 727 2540 errantibus.
751 2508 793 2540 iv.
810 2511 884 2545 310,
909 2512 993 2540 314:
995 2527 1039 2531 —

295 2549 383 2582 idem
399 2551 486 2583 inest
503 2550 602 2582 etiam
617 2550 652 2582 in
668 2561 780 2582 eorum
802 2550 947 2583 minimis
962 2562 1038 2594 par·

294 2593 414 2626 ticulis.
436 2593 478 2626 iv.
494 2598 558 2626 350
569 2594 896 2637 :—reciprocati0nes
925 2605 1036 2626 earum

294 2647 360 2669 non
377 2644 486 2669 tamen
496 2637 639 2687 {equales
654 2642 740 2675 sunt,
754 2648 813 2669 nec
825 2637 940 2669 iisdem
955 2643 1036 2670 tcm—

294 2680 430 2723 poribus
445 2680 669 2724 perficiuntur.
685 2680 727 2712 iv.
739 2684 800 2714 357
811 2691 906 2713 z—ne
931 2691 972 2712 ue
983 2691 1037 2713 su·

295 2733 355 2766 per
369 2724 454 2767 polis
469 2724 586 2756 iisdem
602 2729 658 2756 aut
673 2723 848 2766 parallelis.
864 2692 943 2756 ibid

294 2773 403 2799 motus
417 2767 518 2799 annui
539 2773 572 2800 et
587 2767 708 2805 diurni,
731 2772 765 2799 et
785 2766 972 2810 apparentis
986 2766 1036 2799 di·

294 2810 460 2850 rectionis,
489 2810 650 2849 stationis,
679 2816 713 2842 et
744 2810 1037 2852 retrogradationis

294 2853 510 2896 planetarum,
525 2864 633 2886 causae
648 2853 829 2904 possibiles.
845 2853 867 2886 i.
883 2857 962 2886 848-
965 2857 1016 2886 50.

294 2903 403 2929 motus
418 2897 577 2947 simplicis
593 2896 784 2941 suppositio,
800 2896 888 2929 undo
903 2897 940 2930 fit
951 2897 1036 2930 veri-

294 2940 445 2973 similis.
435 2951 456 2973 ι.
473 2945 546 2974 350.

959 241 1157 275 INDEX.

1107 342 1277 376 circularis
1293 343 1351 386 qui
1375 346 1523 375 conversio
1537 343 1669 383 dicitur,
1685 343 1800 387 qualis.
1816 345 1839 377 i.

1107 391 1185 418 350.
1190 387 1359 418 —nullum
1381 387 1422 419 ad
1445 387 1509 419 alia
1533 398 1671 430 corpora
1691 393 1845 421 conatum

1106 436 1276 479 propagat,
1292 441 1402 473 quare.
1426 430 1507 463 ibid.
1517 441 1641 473 —:quae
1656 441 1676 462 a
1697 441 1734 463 re
1752 437 1844 464 motu

1106 473 1255 515 simplice
1277 480 1366 506 mota
1387 479 1568 513 moventur,
1587 473 1697 506 omnia
1710 485 1844 507 moven-

1105 522 1161 548 tur
1176 517 1289 548 eadem
1304 517 1486 550 velocitate.
1503 518 1524 550 i.
1541 522 1616 556 262,
1629 520 1703 551 357.

1105 566 1214 591 motus
1230 561 1336 592 omnis
1358 561 1394 592 in
1414 561 1583 593 materiam
1597 571 1727 592 omnem
1742 560 1844 594 habet

1105 604 1256 635 effectum
1278 603 1429 646 aliquem.
1451 604 1473 637 i.
1490 607 1553 637 370
1561 609 1722 637 2—motus
1741 603 1844 636 medii

1105 657 1145 678 ex
1163 658 1228 696 quo
1243 653 1373 679 creatur
1387 658 1496 686 sonus,
1512 658 1578 679 nou
1596 653 1743 698 conatus,
1758 647 1845 680 sicut

1105 689 1138 721 in
1153 700 1288 729 Vlslone,
1305 691 1362 722 sed
1376 690 1544 733 percussio
1558 696 1618 723 est.
1634 690 1656 723 i.
1671 694 1745 724 396.

1104 738 1212 765 motus
1222 740 1431 776 propagatur,
1440 739 1539 766 noctu
1549 733 1668 773 silenti,
1678 745 1740 784 per
1745 739 1843 767 ἵει-τω

1105 776 1242 819 pedibus
1257 787 1421 819 percussae
1435 783 1546 820 partes
1562 788 1714 810 summas.
1730 777 1751 810 i.
1766 781 1841 810 405.

1106 825 1202 852 terrae
1217 826 1325 852 motus
1346 823 1504 852 circularis
1517 822 1650 862 simplex,
1671 831 1770 853 causa
1783 820 1842 853 de·

1104 874 1238 895 scensus
1254 863 1415 906 gravium.
1431 863 1452 896 1.
1466 867 1539 897 417.
1554 863 1597 896 iv.
1613 867 1687 897 262.

1103 912 1212 939 motus
1238 907 1426 950 reciprocus
1455 906 1617 949 magnetis
1643 912 1845 958 propagatus

1102 960 1163 992 per
1178 960 1286 982 aerem
1303 961 1406 1000 usque
1421 950 1462 982 ad
1477 950 1614 1001 ferrum,
1635 955 1669 983 et
1685 950 1843 983 extermi-

1103 993 1194 1025 natio
1204 993 1281 1025 inde
1290 994 1384 1033 aeris,
1396 1005 1495 1026 causa
1503 993 1842 1036 virtutismagneticae.

1103 1035 1125 1069 i.
1142 1041 1215 1069 428.

1103 1085 1212 1112 motus
1227 1079 1458 1112 intestinorum
1471 1080 1702 1130 peristalticus.
1717 1079 1752 1113 ii.
1767 1084 1798 1113 2.

1105 1123 1146 1154 de
1161 1123 1370 1166 perceptione
1386 1130 1503 1156 motus.
1526 1123 1560 1156 ii.
1578 1127 1633 1156 13-
1637 1128 1676 1156 14
1689 1123 1844 1156 2-senti-

1105 1172 1160 1198 tur
1184 1172 1255 1198 tum
1278 1167 1383 1199 solum
1410 1178 1484 1199 cum
1514 1167 1673 1199 sentimus
1696 1166 1844 1200 converti

1105 1220 1200 1241 axem
1216 1210 1370 1252 opticum.
1393 1210 1426 1242 ii.
1446 1214 1483 1242 15
1497 1210 1579 1243 :—si
1600 1210 1715 1243 oculus
1735 1216 1770 1243 et
1784 1211 1843 1244 ob·

1099 1253 1227 1296 jectum
1242 1264 1448 1285 communem
1463 1259 1588 1285 motum
1604 1253 1756 1292 habeant,
1770 1264 1843 1286 mo-

1105 1302 1158 1328 tus
1173 1296 1294 1339 objecti
1309 1307 1375 1328 non
1390 1297 1560 1330 sentietur.
1574 1297 1608 1329 ii.
1628 1301 1667 1330 16
1674 1296 1755 1330 z—si
1769 1307 1843 1329 mo-

1105 1344 1158 1371 tus
1167 1308 1293 1389 objecti
1308 1351 1350 1372 ex
1365 1340 1516 1383 pluribus
1538 1340 1682 1373 motibus
1696 1339 1741 1372 sit
1753 1350 1844 1373 com·

1104 1382 1241 1432 positus,
1265 1394 1404 1426 quorum
1427 1394 1513 1415 unus
1535 1384 1587 1416 vel
1633 1383 1722 1416 lures
1747 1383 1843 1416 oculo

1105 1426 1172 1458 sint
1186 1437 1261 1458 cum
1282 1427 1341 1459 1110
1361 1437 1561 1466 communes,
1582 1427 1634 1459 ili
1653 1432 1762 1459 motus
1781 1426 1844 1459 soli

1105 1469 1162 1512 qui
1177 1480 1242 1501 non
1267 1476 1344 1503 sunt
1365 1481 1565 1510 communes,
1582 1481 1682 1503 sensu
1702 1470 1844 1514 percipi·

1104 1519 1209 1545 entur.
1225 1513 1304 1546 ibid.

1103 1562 1250 1588 motuum
1251 1557 1508 1607 consequentiae
1528 1567 1595 1589 non
1617 1561 1694 1590 sunt
1707 1567 1845 1600 coguos-

1104 1599 1217 1632 cendae
1233 1599 1303 1632 sine
1318 1600 1506 1643 geometria.
1522 1600 1556 1633 ii.
1572 1604 1624 1633 93.

1103 1648 1213 1675 motus
1228 1643 1310 1675 nihil
1327 1650 1464 1694 generat
1478 1650 1600 1686 praeter
1609 1648 1743 1676 motum.
1752 1642 1802 1676 iii.
1812 1648 1842 1678 6.

1104 1697 1224 1736 corpus
1239 1692 1376 1726 motum,
1388 1686 1422 1718 ni
1438 1693 1547 1719 motus
1561 1687 1632 1730 ejus
1647 1687 1688 1719 ab
1703 1686 1768 1719 alio
1783 1698 1844 1720 ex-

1105 1729 1285 1772 tinguatur,
1302 1741 1431 1780 semper
1445 1735 1632 1773 promotum
1656 1729 1841 1765 ιιι-11511171

1105 1779 1258 1805 —motus
1273 1784 1338 1806 non
1354 1773 1389 1805 in
1400 1773 1554 1813 instante,
1570 1773 1653 1806 sed
1642 1784 1679 1806 ιιι
1693 1778 1843 1817 tempore

1105 1821 1139 1848 et
1149 1816 1313 1858 gradatim
1329 1817 1546 1858 extinguitur.
1562 1817 1608 1849 iii.
1625 1821 1656 1850 8.

1104 1865 1213 1892 motus
1229 1871 1248 1892 a
1262 1861 1398 1892 cerebro
1413 1860 1454 1892 ad
1469 1860 1674 1903 aliaspartes
1563 1859 1843 1910 partescorporis

1104 1902 1262 1942 internas,
1276 1909 1310 1935 et
1319 1903 1359 1935 ab
1375 1903 1442 1954 ill-is
1457 1903 1498 1935 ad
1509 1904 1691 1944 cerebrum,
1699 1914 1843 1955 recipro-

1105 1957 1163 1979 cus
1189 1953 1248 1979 est.
1275 1947 1322 1979 iii.
1342 1951 1389 1979 11.
1406 1946 1427 1979 1.
1444 1951 1505 1980 327
1515 1952 1678 1980 z-motus
1703 1946 1761 1990 qui
1785 1946 1843 1980 alii

1105 1990 1179 2022 aliis
1193 1990 1396 2022 succedunt‘
1387 2001 1422 2022 ιιι
1438 1990 1600 2029 sensione,
1612 1994 1784 2023 remanent
1796 1990 1842 2023 si-

1105 2033 1174 2065 mul
1189 2034 1287 2066 etiam
1303 2033 1338 2065 in
1353 2033 1596 2076 imaginatione.
1610 2033 1658 2065 iii.
1672 2037 1710 2066 15
1717 2043 1842 2066 t-mo-

1106 2082 1169 2115 tus,
1184 2083 1305 2127 praeter
1320 2088 1451 2109 sensum
1467 2083 1501 2109 et
1511 2075 1792 2128 imaginationem
1807 2082 1843 2110 et

1105 2120 1341 2162 cogitationum
1365 2120 1494 2159 seriem,
1508 2120 1543 2152 iu
1567 2119 1677 2152 animo
1697 2119 1842 2152 humano

1105 2163 1192 2196 inest
1217 2163 1336 2196 nullus.
1350 2163 1397 2195 iii.
1414 2167 1456 2195 20
1471 2170 1670 2196 :—motuum
1694 2163 1842 2196 omnium

1106 2206 1364 2256 voluntariorum
1363 2205 1573 2256 principium
1589 2205 1758 2238 internum
1767 2217 1841 2239 esse

1104 2250 1320 2293 phantasiam.
1336 2249 1382 2282 iii.
1399 2254 1450 2282 40.

1106 2299 1213 2325 motus
1227 2298 1337 2335 potest
1349 2303 1420 2342 esse
1444 2292 1479 2324 in
1507 2292 1614 2336 spatio
1628 2292 1841 2336 quantulum-

1105 2347 1238 2386 cunque
1249 2346 1358 2379 parvo.
1373 2335 1420 2368 iii.
1436 2340 1488 2368 40.

1105 2386 1214 2411 motus
1229 2378 1316 2411 intra
1331 2379 1509 2411 humanum
1526 2389 1656 2429 corpus,
1666 2384 1843 2422 antequam

1106 2424 1276 2461 incedendo,
1286 2425 1352 2463 loqu
1354 2424 1438 2460 endo,
1451 2422 1645 2465 caeterisque
1655 2422 1843 2455 actionibus

1106 2434 1352 2498 visibilibu’soqu
1315 2471 1503 2508 appareant,
1523 2471 1682 2498 vocantur
1707 2471 1842 2500 oon-du.

1105 2508 1152 2540 iii.
1169 2513 1221 2541 40.

1105 2557 1214 2584 motus
1229 2551 1471 2594 metaphoricus
1488 2551 1690 2585 Scholarum.
1705 2551 1752 2585 111.
1767 2555 1821 2585 41.

1104 2594 1139 2627 id
1149 2595 1242 2645 quod
1259 2603 1393 2627 vocatur
1407 2601 1464 2628 aut
1478 2597 1615 2636 voluptas
1629 2600 1687 2628 aut
1708 2597 1841 2628 nomia

1105 2637 1217 2676 animi,
1233 2644 1284 2670 est
1298 2638 1460 2681 apparitio
1475 2645 1584 2671 motus
1599 2638 1739 2689 qualia‘
1729 2637 1776 2671 111.
1788 2642 1840 2672 43.

1105 2686 1213 2713 motus
1239 2688 1273 2714 et
1295 2681 1498 2723 magnitudo,
1518 2681 1666 2725 corporis
1690 2681 1842 2715 acciden-

1104 2723 1151 2756 tia
1165 2723 1240 2757 dno.
1257 2724 1303 2757 iii.
1317 2729 1358 2758 66
1370 2732 1532 2758 :—-motus
1546 2727 1676 2758 visibila
1689 2730 1723 2758 et
1737 2727 1842 2758 ἰωνί-

1103 2769 1182 2799 ὀίἱεε.
1196 2767 1243 2799 111.
1261 2771 1320 2801 67·
1313 2768 1498 2800 :—-illorum
1513 2768 1652 2801 scientia
1674 2767 1841 2801 mechani-

1103 2821 1227 2850 corum,
1243 2811 1361 2843 horum
1376 2811 1524 2862 physice
1539 2811 1704 2855 objectum
1719 2817 1779 2845 eat.
1794 2810 1839 2845 ib.

1103 2853 1204 2886 animi
1220 2861 1328 2887 motus
1341 2865 1478 2905 prunos
1573 2860 1697 2895 nesse,
1709 2859 1841 2888 mutan-

1103 2897 1149 2929 tia
1163 2897 1302 2930 nimium
1318 2909 1440 2931 severa.
1455 2897 1503 2931 111.
1518 2902 1597 2931 210.

1103 2946 1251 2973 motuum
1267 2946 1300 2974 et
1315 2941 1509 2984 ponderum,
1531 2946 1570 2974 ut
1582 2940 1721 2974 aliarum
1736 2950 1840 2984 quan·
