1982 3204
427 250 525 294 240
830 263 1149 298 TRAc'rA'rus
1178 264 1430 298 OPTlcUS.

169 384 282 410 1²¹³01‘·
305 386 375 413 xn.
424 373 625 436 planum
650 373 791 423 chB
826 376 874 423 in
901 376 1093 439 angulis
1131 376 1454 439 inaequalibus
1487 392 1576 423 aco
1601 384 1650 425 et
1669 377 1815 426 ACO.

425 448 500 497 Sit
525 458 687 498 autem
713 452 877 499 radius
901 453 1139 500 refractus
1163 453 1224 500 ab
1251 470 1311 500 ac·
1334 461 1469 500 recta
1491 452 1563 510 ck,
1590 462 1638 500 et
1662 469 1816 516 angu-

422 524 497 572 lus
535 525 775 574 refractus
812 527 905 586 leel,
932 538 982 575 et
1007 528 1172 575 radius
1206 528 1447 575 refractus
1486 529 1546 575 ab
1572 528 1658 575 ΑΟ
1681 539 1837 586 rectax

423 601 526 658 ΟΚ,
552 610 602 649 et
625 603 831 665 angulus
857 604 1093 652 refractus
1118 605 1263 652 KCL.
1332 604 1471 662 Dico,
1496 612 1552 651 ut
1576 604 1710 652 sinus
1729 621 1817 653 an-

422 677 525 739 guli
562 678 891 727 inclinationis
915 695 1005 727 aco
1030 680 1092 727 ad
1117 680 1277 727 sinum
1302 681 1470 742 anguli
1494 680 1692 727 refracti
1716 680 1815 739 lael,

421 752 491 799 ita
511 768 615 801 esse
639 754 798 801 sinum
831 755 999 818 anguli
1030 755 1359 802 inclinationis
1384 755 1518 803 ACO
1555 755 1618 802 ad
1655 755 1815 803 sinum

420 829 589 890 anguli
616 830 816 878 refracti
842 831 986 878 KCL.
1056 830 1278 878 Ducatur
1302 830 1364 877 ab
1389 838 1525 877 recta
1559 831 1813 893 perpendi-

418 904 595 952 cularis
621 905 684 952 ad
702 922 776 964 ac,
803 922 913 969 quae
937 914 1070 954 secet
1100 906 1300 969 planum
1324 907 1373 954 in
1398 914 1583 970 puncto
1616 905 1661 953 b.
1733 906 1814 954 Se-

419 979 552 1027 cabit
592 989 772 1039 autem,
805 981 918 1044 quia
958 982 1167 1044 angulus
1209 981 1302 1029 acb
1343 991 1418 1029 est
1457 982 1619 1029 minor
1659 989 1810 1029 recto.

420 1055 552 1103 Huic
577 1057 774 1119 aequalis
798 1057 886 1104 fiat
909 1057 1014 1113 AB,
1040 1066 1089 1105 et
1108 1058 1178 1105 ita
1197 1057 1470 1121 applicetur
1493 1063 1547 1104 ut
1574 1057 1636 1104 sit
1659 1056 1815 1105 altera

419 1131 523 1193 ejus
549 1131 836 1179 extremitas
860 1132 910 1179 in
935 1133 1081 1195 plano
1115 1133 1214 1191 ΟΒ,
1242 1139 1292 1180 et
1316 1133 1378 1180 sit
1396 1132 1813 1196 perpendicularis

381 1202 385 1206 ⁴
416 1206 481 1254 ad
521 1206 607 1254 ΑΟ
653 1207 703 1254 in
751 1215 934 1270 puncto
975 1208 1041 1255 A:
1090 1216 1141 1255 et
1181 1207 1519 1271 compleantur
1559 1207 1811 1271 parallelo-

416 1297 639 1344 gramma
662 1282 797 1330 abed
823 1291 872 1330 et
896 1283 1088 1331 ABCD.
1158 1283 1381 1331 Ducatur
1404 1299 1461 1330 ce
1491 1283 1810 1346 perpendicu-

415 1357 586 1406 lariter
607 1358 670 1406 ad
695 1358 885 1406 radium
909 1359 1174 1407 refractum
1197 1359 1256 1406 cle
1294 1359 1345 1406 in
1369 1367 1553 1422 puncto
1580 1375 1622 1417 c,
1648 1367 1697 1406 et
1730 1359 1809 1407 ΟΕ

413 1433 888 1496 perpendiculariter
940 1434 1004 1482 ad
1055 1434 1248 1482 radium
1303 1434 1568 1482 refractum
1617 1434 1704 1482 ΟΚ
1758 1436 1808 1483 in

413 1516 598 1572 puncto
624 1509 678 1557 Ο.
739 1510 813 1557 Sit
837 1517 1001 1558 autem
1026 1527 1080 1557 ce
1103 1510 1302 1573 aequalis
1327 1510 1394 1558 cd
1413 1510 1490 1557 vel
1515 1509 1592 1569 ab,
1618 1511 1746 1558 sicut
1761 1520 1809 1559 et

416 1585 495 1632 ΟΕ
530 1585 729 1648 aequalis
768 1585 853 1633 CD
889 1586 966 1633 vel
1003 1586 1106 1633 AB.
1177 1586 1347 1649 Itaque
1385 1585 1562 1633 ductus
1598 1586 1808 1634 circulus

414 1667 583 1708 centro
619 1677 660 1719 c,
693 1661 952 1709 intervallo
989 1678 1057 1720 ce,
1088 1662 1317 1709 transibit
1347 1677 1436 1724 per
1460 1661 1509 1719 d,
1547 1670 1596 1709 et
1631 1661 1808 1710 ductus

412 1736 624 1783 circulus
661 1745 831 1784 centro
861 1737 915 1796 Ο,
941 1737 1199 1785 intervallo
1237 1737 1333 1796 ΟΕ,
1359 1736 1589 1784 transibit
1623 1753 1710 1800 per
1746 1737 1806 1786 D.

410 1812 521 1859 Jam
541 1812 772 1874 quoniam
795 1829 850 1859 ee
876 1822 927 1860 et
951 1813 1031 1860 ΟΕ
1057 1820 1171 1861 sunt
1194 1813 1622 1877 perpendiculares
1646 1813 1710 1861 ad
1734 1830 1806 1861 ra-

411 1886 516 1934 dios
541 1887 778 1935 refractos
807 1888 866 1935 clc
890 1897 940 1936 et
965 1888 1070 1948 ΟΚ,
1096 1896 1146 1937 et
1170 1889 1382 1952 aequales
1417 1889 1558 1937 lineis
1590 1889 1712 1938 lucis
1743 1889 1806 1938 ab

409 1971 459 2010 et
482 1963 587 2022 AB,
614 1963 775 2012 ductae
799 1981 867 2029 ap
892 1973 943 2012 et
966 1965 1050 2013 ΑΡ
1066 1965 1495 2029 perpendiculares
1518 1965 1581 2013 ad
1604 1966 1804 2029 planum

407 2037 568 2097 chB,
588 2048 733 2087 erunt
757 2056 1045 2103 progressus
1062 2041 1185 2089 lucis
1208 2042 1259 2089 in
1284 2041 1446 2089 medio
1469 2058 1598 2097 raro,
1621 2042 1672 2089 in
1690 2058 1804 2105 pro-

405 2115 578 2177 positis
603 2115 1015 2175 inclinationibus,
1042 2125 1092 2164 et
1115 2134 1184 2175 er,
1199 2118 1288 2165 ER
1304 2133 1590 2180 progressus
1614 2117 1736 2165 lucis
1752 2119 1803 2165 in

406 2190 569 2238 medio
594 2190 761 2239 denso.
834 2191 931 2239 Sed
955 2200 1031 2240 est
1054 2209 1143 2257 per
1165 2193 1543 2256 praecedentem,
1566 2200 1622 2240 ut
1645 2209 1714 2256 ap
1737 2193 1801 2241 ad

406 2280 464 2313 er
488 2265 539 2313 in
573 2282 674 2314 una
705 2266 1039 2326 inclinatione,
1060 2268 1130 2316 ita
1153 2268 1237 2316 ΑΡ
1261 2267 1325 2315 ad
1348 2268 1437 2315 ER
1469 2268 1521 2315 in
1545 2267 1699 2316 altera
1726 2268 1801 2316 in-

404 2340 686 2390 clinatione.
757 2342 1000 2400 Secundo,
1025 2343 1088 2391 sit
1121 2343 1336 2390 medium
1359 2342 1591 2406 primum,
1622 2359 1800 2407 nempe

405 2416 538 2479 quod
562 2424 637 2465 est
672 2433 819 2481 supra
841 2418 1040 2480 planum
1065 2417 1225 2476 chB,
1250 2418 1472 2477 densum,
1498 2419 1631 2482 quod
1655 2419 1798 2479 infra,

403 2508 569 2539 rarum
591 2511 602 2540 ε
638 2493 722 2540 ubi
759 2493 883 2541 radii
919 2494 1118 2541 refracti
1143 2493 1206 2541 ad
1228 2502 1394 2557 partes
1417 2510 1615 2542 aversas
1639 2512 1669 2543 a
1691 2512 1800 2559 per-

400 2568 680 2631 pendiculo,
705 2569 805 2616 sint
829 2585 884 2632 eq
918 2577 968 2616 et
1006 2569 1111 2626 OQ,
1137 2578 1187 2617 et
1219 2570 1282 2618 ad
1318 2570 1449 2633 ipsos
1474 2571 1797 2634 perpendicu-

401 2643 528 2691 lares
553 2643 651 2691 sint
673 2645 736 2707 cf
749 2653 799 2692 et
824 2644 902 2692 CF
939 2644 1150 2707 aequales
1174 2644 1316 2693 lineis
1338 2645 1460 2693 lucis
1499 2645 1559 2693 ab
1583 2647 1659 2695 vel
1691 2647 1795 2706 AB,

402 2726 452 2766 et
475 2719 537 2767 ad
561 2719 762 2783 planum
787 2718 928 2767 chCB
954 2720 1052 2767 sint
1085 2719 1514 2784 perpendiculares
1533 2723 1602 2785 ss
1626 2729 1676 2770 et
1704 2722 1793 2771 FS.

403 2794 638 2843 Similiter
660 2795 947 2858 probabitur
972 2810 1090 2853 esse,
1125 2802 1182 2843 ut
1217 2812 1286 2860 ap
1323 2795 1387 2844 ad
1408 2796 1494 2860 sS,
1532 2797 1602 2845 ita
1625 2797 1709 2846 ΑΡ
1731 2798 1795 2846 ad

402 2870 491 2919 FS.
561 2870 660 2919 Sed
683 2887 750 2935 ap
774 2880 825 2919 et
850 2871 932 2919 ΑΡ
955 2878 1068 2919 sunt
1091 2870 1228 2919 sinus
1251 2871 1539 2934 angulorum
1572 2873 1793 2936 proposi-
