1982 3204
327 282 391 325 96
943 288 1241 324 PRAEFAno.

328 410 446 459 dum
469 416 520 459 et
553 409 868 458 dividendum
906 409 1067 457 dicere
1105 407 1274 454 decem
1306 405 1518 454 unitates
1549 421 1639 470 per
1675 406 1845 456 decem

326 490 559 548 unitates,
585 497 634 537 et
661 488 946 552 simpliciter
970 487 1138 534 decem
1160 501 1249 548 per
1273 484 1458 533 decem.
1526 485 1688 533 Etiam
1713 485 1844 534 idem

327 582 432 615 esse
457 567 626 615 decem
650 566 798 630 pedes
823 564 1145 627 multiplicare
1169 578 1256 626 per
1281 562 1450 610 decem
1473 562 1639 626 pedes,
1658 571 1709 611 et
1731 564 1842 612 sim-

325 645 519 708 pliciter
540 661 628 708 per
652 645 846 692 decem:
883 642 996 706 quia
1031 640 1371 704 multiplicatio
1403 656 1505 688 non
1542 647 1701 689 mutat
1739 656 1841 705 spe-

326 723 468 771 ciem.
538 723 793 779 Praeterea,
827 719 1138 783 multiplicari
1168 719 1429 783 quicquam
1453 734 1596 782 posse
1631 719 1726 767 nisi
1754 735 1844 783 per

326 815 597 858 numerum,
623 798 887 847 absurdum
911 797 1046 845 dictu
1070 804 1159 844 est.

330 915 332 917 .
393 892 493 925 vn.
532 876 741 926 Quando
801 890 1033 923 numerus
1093 873 1383 937 multiplicat
1439 890 1695 922 numerum
1749 874 1842 922 sibi

325 955 576 1018 aequalem,
602 953 928 1016 multiplicans
959 951 1128 1010 radix,
1153 966 1385 999 numerus
1420 951 1690 1014 productus
1723 968 1843 1015 qua-

324 1034 503 1081 dratus
541 1033 732 1081 dicitur.
803 1032 873 1079 Ut
896 1031 1009 1094 quia
1033 1036 1062 1078 3
1099 1030 1428 1093 multiplicans
1468 1036 1497 1078 3
1529 1030 1759 1094 producit
1791 1036 1839 1090 9,

324 1127 555 1159 numerus
575 1118 604 1159 3
623 1111 800 1158 dicitur
818 1109 972 1168 radix,
988 1117 1038 1157 et
1056 1124 1288 1156 numerus
1306 1114 1336 1156 9
1362 1108 1542 1157 dicitur
1557 1108 1839 1172 quadratus.

324 1189 552 1252 Figuram
585 1196 745 1237 autem
780 1187 1068 1251 quadratam
1106 1203 1207 1234 non
1247 1187 1480 1234 efficiunt.
1550 1185 1839 1250 Quanquam

323 1267 453 1315 enim
477 1268 546 1315 ita
571 1267 797 1315 collocari
820 1273 1025 1329 possunt
1057 1265 1231 1313 calculi
1256 1270 1287 1312 9
1311 1265 1390 1313 vel
1419 1270 1477 1313 16
1503 1272 1615 1324 etc„
1638 1273 1694 1313 ut
1716 1265 1839 1313 ima-

321 1346 486 1408 ginem
512 1345 754 1409 quandam
772 1345 824 1392 in
842 1343 1005 1392 animo
1023 1343 1241 1391 excitent
1259 1343 1431 1406 figurae
1451 1342 1718 1406 quadratae,
1736 1359 1839 1392 non

323 1431 436 1471 sunt
459 1432 622 1471 tamen
645 1424 803 1487 figura
829 1422 1067 1487 quadrata
1099 1421 1255 1485 magis
1292 1437 1438 1484 quam
1461 1426 1492 1469 9
1517 1421 1594 1469 vel
1624 1427 1681 1470 16
1717 1430 1838 1470 tem-

320 1517 454 1563 pora.
525 1501 630 1549 Nec
651 1501 809 1548 minus
832 1515 1064 1548 numerus
1087 1499 1351 1563 quadratus
1375 1506 1449 1547 est
1473 1507 1671 1547 centum
1695 1499 1838 1548 solidi

320 1579 371 1627 in
405 1580 598 1628 sacculo
624 1579 893 1638 constricti,
936 1595 1083 1642 quam
1118 1594 1264 1642 super
1295 1578 1512 1627 tabulam
1547 1578 1838 1643 quadratam

320 1660 759 1722 quomodocunque
784 1657 1011 1706 ordinati.

386 1752 511 1785 vul.
547 1738 724 1800 Figura
750 1736 990 1800 quadrata
1019 1737 1076 1784 fit
1108 1735 1261 1784 ductu
1290 1734 1434 1783 lineae
1471 1742 1621 1783 rectae
1654 1735 1707 1783 in
1744 1735 1838 1784 sibi

319 1815 555 1878 aequalem
591 1824 641 1862 et
679 1814 741 1862 ad
773 1815 976 1878 angulos
1007 1821 1169 1862 rectos
1196 1813 1520 1877 adjacentem.
1590 1813 1837 1862 Describit

318 1909 435 1956 ergo
460 1892 634 1941 ductus
669 1893 749 1941 ille
773 1893 1095 1956 superficiem,
1119 1892 1171 1940 id
1194 1900 1285 1951 est,
1312 1891 1599 1955 quantitatis
1623 1892 1836 1955 speciem

317 1986 492 2018 novam
513 1989 524 2017 :
561 1979 611 2018 et
634 1971 717 2018 illa
741 1972 1019 2035 superficies
1044 1970 1193 2019 ducta
1214 1970 1267 2018 in
1290 1970 1436 2018 aliam
1467 1978 1653 2018 rectam
1677 1986 1835 2034 aequa-

317 2048 414 2096 lem
436 2049 677 2111 prioribus
701 2056 750 2097 et
775 2058 1005 2108 erectam,
1031 2049 1265 2097 describit
1288 2048 1514 2107 solidum,
1539 2048 1592 2096 id
1615 2055 1707 2107 est,
1731 2064 1835 2113 spe·

317 2126 442 2175 ciem
466 2127 749 2190 quantitatis
773 2129 971 2176 tertiam
995 2136 1046 2176 et
1068 2128 1307 2176 ultimam.

385 2204 514 2252 Nam
555 2198 687 2252 ultra
725 2206 934 2254 solidum
981 2206 1308 2270 quantitatem
1352 2205 1537 2254 nullam
1578 2204 1835 2268 cognoscit

319 2282 603 2346 geometria.
674 2283 1111 2332 Arithmeticorum
1153 2285 1284 2332 enim
1324 2282 1679 2342 surdi-solida,
1711 2299 1835 2346 qua-

318 2360 751 2424 drato-quadrata,
777 2361 1175 2425 quadrato-cubi,
1200 2360 1456 2418 cubi-cubi,
1489 2361 1610 2409 meri
1642 2362 1834 2410 numeri

317 2447 446 2496 sunt,
471 2440 640 2502 figurae
666 2457 762 2488 non
782 2449 912 2489 sunt.
983 2441 1170 2505 Magna
1191 2441 1344 2504 igitur
1367 2439 1643 2488 differentia
1665 2447 1739 2488 est
1762 2441 1834 2488 in-

316 2524 391 2564 ter
418 2517 469 2565 id
493 2518 624 2579 quod
647 2519 702 2566 fit
725 2535 754 2566 a
777 2519 980 2567 duarum
1008 2528 1252 2568 rectarum
1275 2519 1326 2567 in
1352 2534 1403 2567 se
1436 2518 1683 2576 ductione,
1708 2526 1759 2566 et
1782 2518 1835 2566 id

316 2595 448 2658 quod
464 2596 520 2643 fit
543 2612 572 2644 a
596 2596 802 2644 duorum
825 2614 1135 2647 numerorem
1160 2599 1210 2646 in
1235 2613 1286 2647 se
1304 2596 1732 2662 multiplicatione:
1757 2597 1833 2644 ni-

314 2673 508 2731 mirum,
534 2682 716 2737 quanta
740 2683 814 2723 est
838 2675 964 2723 inter
986 2676 1166 2724 lineam
1190 2685 1241 2724 et
1263 2675 1586 2739 superficiem,
1608 2674 1685 2722 vel
1703 2675 1833 2723 inter

314 2752 619 2815 superficiem
651 2760 700 2800 et
734 2753 955 2801 solidum.
1028 2755 1150 2803 Haec
1182 2763 1347 2803 autem
1378 2753 1539 2817 specie
1581 2752 1830 2811 differunt,

314 2829 437 2878 adeo
460 2837 516 2878 ut
539 2830 745 2878 alterum
778 2847 945 2879 eorum
974 2833 1109 2881 nulla
1145 2831 1547 2896 multiplicatione
1578 2831 1640 2879 ab
1675 2831 1830 2880 altero

313 2908 531 2971 superari
562 2908 737 2972 possit:
773 2917 822 2957 et
856 2910 1077 2973 proinde,
1115 2918 1170 2960 ut
1208 2911 1327 2960 dicit
1370 2909 1609 2970 Euclides,
1646 2909 1831 2959 nullam
