1982 3204
136 421 344 450 DEFINITIO

203 476 276 503 ΧΠ.

390 284 452 328 56
603 292 897 327 noc'rmNAE
923 290 1284 326 wALmsmNAE
1312 290 1384 324 DE
1410 291 1568 327 MOTU

455 404 552 453 Sed
585 412 633 454 et
670 405 891 453 definitio
914 404 1019 467 ipsa
1047 403 1169 451 falsa
1200 408 1289 450 est.
1363 401 1608 451 Gravitas
1645 403 1773 452 enim

386 481 594 545 qualitas
630 481 708 529 vel
739 480 966 528 accidens
1001 486 1074 526 est
1108 476 1325 540 corporis
1363 476 1591 525 deorsum
1629 478 1777 527 moti:

385 556 471 604 sed
506 557 580 605 vis
616 556 800 604 matrix
837 564 911 603 est
942 554 1146 617 qualitas
1181 552 1260 599 vel
1296 551 1523 600 accidens
1559 554 1778 616 corporis

387 632 615 680 deorsum
639 631 892 678 moventis.
944 628 1076 677 Quin
1101 635 1266 675 autem
1289 643 1490 675 movens
1515 634 1565 675 et
1588 637 1777 677 motum

385 708 484 755 sint
510 707 702 755 diversa
720 707 953 769 subjecta,
976 710 1153 767 praeter
1177 703 1450 751 scholarem
1469 719 1615 752 nemo
1636 704 1776 752 dubi-

386 782 527 831 tabit.
599 783 833 844 Utraque,
853 788 953 828 tam
978 778 1192 843 gravitas
1216 794 1362 842 quam
1381 778 1454 826 vis
1479 779 1677 840 motrix,
1694 796 1778 828 co-

384 867 529 907 natus
554 858 748 922 quidem
768 865 857 915 est,
883 856 934 903 id
957 865 1031 903 est
1067 854 1262 902 initium
1285 861 1472 903 motus:
1507 855 1594 903 sed
1620 856 1777 905 altera

383 942 457 982 est
488 935 538 983 in
573 941 815 990 movente,
840 932 996 980 altera
1026 931 1078 978 in
1110 938 1246 979 moto
1270 946 1474 994 corpore
1500 951 1512 986 ;
1549 931 1775 996 idemque

382 1018 458 1058 est
481 1018 684 1058 conatus
707 1009 758 1056 in
782 1015 918 1056 motu
942 1006 1072 1070 quod
1096 1013 1334 1070 punctum
1357 1006 1409 1054 in
1431 1006 1575 1056 linea.

850 1180 1142 1214 DEFINITIO
1164 1181 1294 1214 XIII.

477 1274 581 1322 Per
595 1274 792 1338 pondus
816 1273 1048 1339 intelligo
1063 1274 1342 1339 gravitatis
1365 1291 1656 1323 mensuram.

444 1378 733 1441 Propositio,
752 1393 1029 1440 quanquam
1052 1377 1114 1425 ab
1132 1393 1191 1425 eo
1215 1393 1316 1426 non
1339 1378 1402 1426 sit
1426 1378 1774 1438 demonstrata,

377 1468 491 1501 vera
513 1461 610 1501 est:
646 1453 866 1501 definitio
890 1469 987 1500 non
1013 1461 1106 1503 est.
1174 1453 1287 1501 Non
1323 1454 1453 1502 enim
1488 1462 1563 1502 est
1601 1454 1661 1502 de
1698 1470 1775 1502 es-

378 1529 536 1576 sentia
558 1529 808 1591 ponderis,
832 1536 889 1576 ut
913 1529 976 1576 sit
998 1527 1231 1592 ponderis
1250 1529 1327 1577 vel
1351 1530 1607 1593 gravitatis
1631 1546 1770 1578 men-

377 1619 503 1660 sura,
540 1604 695 1666 magis
737 1620 881 1667 quam
923 1613 999 1652 est
1034 1604 1095 1651 de
1132 1605 1343 1652 essentia
1378 1606 1586 1664 numeri,
1619 1613 1675 1655 ut
1708 1606 1773 1655 sit

378 1693 605 1726 mensura
628 1679 825 1742 aequalis
848 1678 925 1727 vel
949 1679 1148 1742 majoris
1171 1680 1377 1727 numeri.

441 1753 523 1801 Ad
547 1753 882 1803 definitionem
913 1755 1056 1812 hano,
1082 1755 1310 1818 peritiam
1343 1771 1481 1803 suam
1516 1755 1567 1803 in
1598 1771 1773 1821 gram-

374 1829 557 1876 matica
602 1845 766 1878 rursus
813 1830 1156 1894 intempestive
1203 1837 1474 1890 ostentans,
1517 1831 1772 1895 subJungit

374 1904 481 1967 plus
506 1921 651 1968 quam
666 1906 841 1969 viginti
866 1906 1206 1970 etymologias,
1222 1914 1277 1954 ut
1290 1906 1489 1971 pondus
1511 1924 1542 1955 a
1555 1907 1770 1972 pendeo,

375 1985 498 2044 toga
522 1997 552 2028 a
575 1987 706 2045 tego,
733 1990 783 2030 et
814 1982 1003 2030 similia.
1073 1983 1164 2031 Est
1195 1983 1247 2030 in
1277 1983 1373 2031 illis
1404 1999 1524 2031 onus
1546 1999 1576 2031 a
1599 1984 1771 2032 Graeeo

375 2062 499 2113 ὄγκος,
524 2056 654 2119 quod
690 2057 1046 2120 ineptissimum
1070 2065 1174 2106 est:
1212 2074 1326 2106 oum
1344 2066 1454 2116 ὄγκος
1483 2058 1672 2119 molem,
1697 2065 1771 2107 tu-

374 2146 566 2190 morem,
592 2133 979 2197 magnitudinem
1015 2134 1275 2198 significet,
1301 2135 1403 2182 sive
1434 2151 1636 2199 gravem
1668 2135 1770 2183 sive

373 2206 544 2265 levem,
570 2215 619 2256 et
649 2209 782 2258 bulla
816 2226 957 2273 aquae
981 2218 1089 2268 ὄγκος
1114 2210 1312 2269 dicitur,
1337 2210 1424 2259 sed
1446 2211 1582 2259 nullo
1618 2210 1768 2259 modo

373 2298 508 2330 onus.

442 2356 611 2420 Neque
641 2361 1026 2423 propositionem
1060 2361 1232 2425 ipsam,
1267 2361 1385 2410 licet
1418 2377 1536 2410 vera
1566 2361 1647 2419 sit,
1682 2361 1770 2410 de—

373 2440 643 2480 monstrare
678 2436 931 2499 quisquam
965 2444 1142 2500 potest,
1173 2437 1267 2485 nisi
1294 2437 1520 2501 pondere
1555 2445 1607 2485 et
1637 2453 1769 2486 men·

373 2523 492 2555 sura
515 2509 650 2571 prius
676 2519 725 2558 et
748 2519 879 2560 recte
905 2512 1147 2561 definitis:
1184 2529 1390 2576 quarum
1427 2513 1510 2561 ille
1540 2521 1768 2561 neutram

373 2583 609 2632 definivit.
680 2585 923 2635 Definitur
946 2595 1111 2636 autem
1146 2588 1356 2652 pondua
1380 2588 1504 2636 libro
1534 2602 1607 2636 DE
1634 2603 1767 2637 con-

374 2673 537 2717 Ponss,
563 2675 666 2722 cap.
693 2661 825 2719 xxiii,
852 2662 944 2710 hoe
969 2663 1144 2711 modo:
1182 2663 1383 2712 Pondus
1401 2669 1478 2711 est
1501 2679 1767 2729 aggrega-

374 2739 472 2781 tum
495 2736 699 2782 omnium
724 2744 992 2795 conatuum,
1017 2738 1196 2803 quibus
1218 2738 1422 2804 singula
1437 2745 1632 2804 puncta
1656 2755 1766 2787 eor-

364 2809 527 2872 poris,
567 2811 696 2873 quocl
729 2812 925 2860 radium
969 2814 1110 2862 librce
1137 2815 1348 2880 premit,
1385 2815 1438 2864 in
1476 2814 1632 2863 rectis
1667 2814 1767 2864 sibu·

374 2890 535 2933 mutuo
549 2886 821 2951 parallelis
844 2896 1098 2938 conantur.
