1982 3204
258 509 342 549 510

262 1175 345 1215 520

262 1843 348 1885 530

369 254 466 297 340
710 263 782 297 DE
821 263 1195 297 MlRAmmBUs
1240 262 1414 296 PEccr.

374 372 477 415 Non
498 379 563 415 est
582 372 653 416 ille
673 373 751 424 leo,
773 374 839 417 leo
861 374 1054 430 quamvis
1076 373 1211 430 erigat
1230 372 1343 414 hirta

377 439 499 483 Colla
512 440 632 495 juba,
657 440 883 495 sedeatque
904 440 1015 482 antri
1036 440 1151 481 ferus
1172 439 1310 481 incola
1330 438 1454 487 caeci3

380 505 463 549 Sed
484 506 627 549 sulvus
645 506 762 562 lapis.
824 507 904 549 Ille
925 522 1053 549 senex
1074 506 1149 561 qui
1168 505 1344 561 rupibus
1364 503 1496 560 aspris

377 572 549 615 Innisus
569 574 743 615 recubat
763 573 918 622 cubito,
940 588 1036 629 pars
1056 572 1172 628 rupis
1194 578 1238 613 et
1258 570 1346 627 ipse
1367 577 1444 612 est.

379 638 575 694 Quaeque
595 638 781 681 lacunari
801 639 1034 682 scintillant
1055 647 1168 680 astra
1187 636 1382 687 micante,

381 706 493 748 Sunt
513 705 638 748 nitidi
657 706 774 748 illata
793 713 1057 762 gemmantes
1078 705 1172 746 luce
1192 702 1342 759 lapilli:

379 772 604 828 Guttaque
625 787 721 827 quae
743 772 833 814 saxi
853 787 999 814 mucro
1021 786 1135 812 nunc
1155 769 1312 826 pendet
1332 767 1459 818 acuti,

378 838 604 894 Numquid
625 845 669 880 et
688 838 758 880 ille
778 838 917 894 lapis?
975 837 1107 893 Lapis
1127 836 1200 878 illa
1219 835 1287 878 vel
1308 841 1384 885 est,
1406 834 1473 877 vel
1494 833 1575 876 erit
1595 848 1705 875 mox.

378 904 561 947 Admoti
581 911 800 960 exceptam
821 903 955 960 digito
976 902 1273 959 deprendimus
1294 915 1382 942 esse

378 970 474 1014 Nec
493 971 689 1027 lapidem,
711 985 788 1012 nec
810 985 976 1025 aquam,
998 984 1146 1012 verum
1167 967 1306 1009 media
1325 967 1438 1009 inter
1456 971 1689 1020 utrumque

378 1037 560 1087 Natura,
584 1036 786 1092 qualique
806 1043 935 1078 tenax
954 1036 1130 1078 humore
1151 1034 1298 1076 farina.

378 1103 559 1146 Detinet
579 1103 766 1145 intentos
786 1103 887 1144 dum
909 1101 1145 1158 transfuga¹
1168 1100 1355 1158 lympha,
1376 1099 1557 1142 lucernae

381 1170 529 1214 Curtae
548 1170 748 1227 perplexa
768 1170 946 1212 suadent·
965 1169 1081 1212 exire
1102 1183 1291 1211 caverna.

383 1237 466 1281 Sed
487 1237 605 1293 prius
625 1236 678 1278 ad
697 1236 844 1278 laevam
866 1242 1115 1285 remeantes,
1138 1234 1330 1289 undique
1351 1247 1452 1275 saxo

381 1303 627 1355 Obductum
647 1302 786 1358 plano,
808 1300 926 1351 furis,
948 1301 1152 1356 nulloque
1173 1300 1414 1342 madentem

379 1369 495 1412 Rore
516 1369 629 1411 Pom
649 1367 895 1417 thalamum,
917 1367 1018 1409 lecti
1037 1366 1256 1422 lasanique
1278 1379 1485 1422 capacem,

381 1436 648 1493 Inspicimus.
713 1433 886 1491 Superis
906 1440 999 1475 tum
1020 1433 1190 1475 demum
1211 1433 1426 1475 reddimur
1445 1429 1539 1474 oris.

381 1502 415 1545 J
417 1518 483 1544 am
505 1501 649 1558 tepido
669 1500 801 1542 fessos
822 1500 973 1542 sudore
993 1499 1205 1556 rigaverat
1225 1505 1355 1548 artus,

385 1567 707 1622 Scandendique
728 1565 869 1623 gravis
888 1565 1020 1616 labor,
1043 1571 1087 1608 et
1106 1564 1288 1607 formido
1309 1562 1497 1613 cadendi,

380 1634 734 1691 Reptantumque
755 1647 906 1674 manus
927 1631 1144 1674 obleverat
1163 1630 1337 1672 humida
1355 1629 1494 1672 tellus.

380 1700 548 1744 Verum
569 1706 668 1742 ante
688 1714 761 1741 ora
781 1713 930 1755 specus
949 1699 1076 1740 turba
1095 1696 1278 1739 officiosa
1297 1695 1487 1738 lavandis

381 1766 609 1810 Praebebat
628 1764 822 1807 manibus
843 1764 1087 1821 permistam
1107 1763 1280 1805 floribus
1300 1762 1471 1804 undam.

385 1833 556 1878 Scilicet
576 1831 763 1889 exigitur
782 1831 910 1874 tacite
930 1845 1006 1886 pro
1021 1843 1195 1871 munere
1215 1843 1425 1870 nummus.

381 1900 535 1942 Recte:
567 1913 751 1953 namque
771 1897 936 1939 haerent
955 1896 1110 1947 sordes,
1131 1902 1351 1950 utcunque
1370 1894 1572 1944 lavemur,

382 1966 458 2017 Ni,
480 1980 723 2022 quanquam
744 1963 923 2013 levibus,
945 1962 1155 2005 referatur
1174 1961 1312 2018 gratia
1332 1960 1465 2004 donis.

384 2097 541 2142 Omnia
554 2098 644 2154 jam
666 2096 803 2139 Psscm
823 2095 1026 2138 miracula
1045 2094 1229 2137 vidimus
1249 2093 1343 2136 alti:

383 2163 716 2218 Buxtonamque
736 2162 891 2205 iterum
912 2160 1100 2218 perlatis,
1122 2170 1166 2203 et
1186 2159 1271 2202 cito
1291 2157 1467 2215 pransis,

383 2229 677 2271 Adducuntur
696 2227 808 2283 equi,
830 2242 907 2269 nos
929 2226 1002 2282 qui
1023 2226 1136 2268 inter
1154 2224 1301 2267 nubila
1320 2230 1476 2273 vectos,

386 2294 660 2350 Solliciteque
681 2294 824 2336 decem
846 2298 1117 2334 numerantes
1137 2290 1269 2332 millia
1289 2304 1472 2346 passum,

383 2361 470 2404 Per
488 2377 572 2403 non
593 2360 779 2417 insignes
801 2358 1088 2408 Chelmarton‚
1115 2356 1312 2406 Sheldon,
1329 2362 1374 2398 et
1394 2353 1588 2397 Ashford

385 2427 462 2470 Ad
482 2426 753 2471 Chatsworth
774 2425 968 2468 referunt
987 2423 1164 2466 celerem
1186 2421 1412 2464 Deroentis
1434 2421 1486 2463 ad
1506 2420 1674 2463 undam.

660 2550 672 2572 ¹
697 2550 949 2595 Transfugiens
965 2561 987 2584 a
1003 2554 1127 2583 natura
1142 2558 1254 2593 aquea
1269 2546 1314 2582 ad
1329 2557 1481 2582 saxeam.

946 2761 1210 2780 Ιὶ
