1982 3204
372 256 472 302 368
935 271 1202 305 HISTORIA

372 378 427 421 In
448 378 595 422 vinum
615 380 800 423 mutavit
819 396 973 437 aquam
990 397 1000 424 ε
1032 381 1099 424 bis
1119 381 1463 438 multiplicatum.

431 445 507 488 Ad
528 447 734 503 populum
755 463 907 504 panem
928 448 1102 490 numine
1118 448 1290 504 fertque
1311 464 1399 491 suo.

374 511 569 566 Quorum
589 513 798 556 factorum
818 521 948 558 testes
967 515 1152 557 habuere
1173 516 1371 571 probatos

430 578 477 621 N
479 579 589 622 iceni
610 579 774 631 Patres,
798 581 918 636 queis
939 581 1124 624 habuere
1144 581 1284 632 fidem,

370 644 643 697 Matthaeum,
666 646 876 698 Marcum,
897 647 1076 698 Lucam,
1093 646 1287 698 Petrum,
1304 653 1435 702 atque
1454 645 1712 697 «Iohannem,

427 712 756 769 Discipulosque
772 713 887 756 alios.
950 713 1034 755 His
1055 713 1239 756 habuere
1259 712 1398 756 fidem.

373 778 461 833 Qui
481 786 657 836 potuere
677 779 828 822 Patres
850 779 982 837 igitur
1002 780 1053 822 de
1075 795 1118 822 re
1135 779 1370 831 manifesta,

428 846 489 889 Et
508 853 595 888 tam
616 846 818 897 confessa,
840 846 1009 889 credere
1029 862 1115 888 non
1136 846 1311 888 eadem?

368 913 450 955 Pr.
485 911 577 956 Scis
598 911 773 956 Graecos
793 927 968 955 numero
988 912 1174 968 reliquos
1190 927 1422 968 superasse,
1444 918 1488 954 et
1507 911 1552 953 in
1572 910 1655 954 illis

429 978 598 1022 Sectam
619 979 868 1022 Aristotelis
887 979 1156 1035 praevaluisse
1177 978 1280 1021 aliis.
1687 977 1770 1022 700

367 1044 551 1088 Judaeus
572 1045 728 1102 signis;
764 1045 939 1089 Graecus
960 1045 1136 1088 cedebat
1155 1044 1372 1094 Elenehis,

426 1111 493 1155 Ut
514 1113 589 1167 qui
610 1113 825 1167 quaerebat
846 1127 930 1154 non
946 1113 999 1151 ὅτι
1015 1111 1088 1154 sed
1109 1112 1216 1153 διότι.

369 1180 452 1221 Sec.
489 1177 573 1222 Sed
594 1194 679 1234 quo
699 1178 796 1229 fine,
818 1178 903 1221 Dei
922 1178 1024 1220 dum
1045 1177 1214 1234 propria
1233 1177 1347 1220 facta
1365 1176 1568 1227 fatentur,

427 1243 690 1298 Quaerebant
709 1244 801 1287 fieri
822 1260 907 1300 quo
928 1251 1104 1301 potuere
1124 1244 1280 1286 modo?

367 1311 446 1352 Pr.
483 1310 654 1354 Scilicet
669 1311 715 1353 in
738 1310 912 1367 Synodo
933 1310 1047 1353 docti
1067 1309 1314 1365 indoctique
1334 1308 1510 1352 fuerunt
1527 1324 1537 1350 :

424 1377 587 1420 Doctos
609 1393 713 1433 quos
733 1377 836 1420 fecit
855 1377 982 1420 lectio
1006 1376 1273 1426 Aristotelis3

366 1443 536 1487 Indocti
557 1460 670 1495 vero,
688 1444 763 1500 qui
783 1443 845 1486 nil
865 1443 982 1486 aliud
1001 1443 1249 1486 didicissent

425 1510 566 1564 Quam
586 1527 662 1568 pro
683 1526 727 1554 se
750 1510 966 1554 Christum
986 1516 1167 1552 mortem
1188 1509 1341 1552 obiisse
1362 1507 1514 1558 crucis,

365 1577 427 1620 Et
447 1593 629 1633 quorum
649 1577 787 1620 nullos
803 1578 1029 1619 servabant
1049 1575 1201 1618 scrinia
1216 1575 1359 1625 libros,

422 1644 618 1701 Excepto
637 1651 806 1687 tantum
829 1643 981 1687 Codice
1001 1649 1185 1697 utroque
1201 1656 1328 1684 sacro.
1678 1639 1763 1682 710

366 1710 430 1754 Hi
451 1711 551 1767 quia
571 1726 657 1754 non
678 1710 836 1754 audent
856 1710 1078 1753 adversum
1099 1709 1238 1751 dicere
1258 1708 1417 1758 doctos,

422 1777 578 1820 Dicere
597 1792 676 1820 nec
696 1783 844 1820 contra
863 1775 1006 1818 Biblia
1026 1790 1144 1818 sacra
1159 1774 1324 1824 volunt,

365 1843 572 1888 Contenti
591 1849 780 1886 sanctam
802 1841 998 1884 Triadem
1017 1841 1219 1891 firmasse,
1241 1839 1451 1895 simulque

421 1909 525 1953 Non
545 1926 631 1952 uno
651 1910 793 1966 plures
812 1908 857 1950 in
879 1907 1035 1950 Triade
1056 1922 1145 1950 esse
1166 1906 1295 1956 Deos,

366 1975 547 2020 Solliciti
566 1976 744 2018 nimium
761 1975 813 2018 de
834 1973 973 2018 verbis
989 1989 1079 2016 esse
1099 1973 1322 2022 timebant,

420 2043 491 2086 Ne
513 2043 608 2099 quis
629 2058 699 2086 eos
719 2042 870 2085 doctus
885 2041 1045 2083 diceret
1064 2055 1156 2083 esse
1176 2038 1313 2081 rudes.

361 2110 564 2165 Namque
584 2109 839 2166 ignorabant
857 2106 1080 2164 peregrina
1098 2105 1315 2155 vocabula,
1337 2108 1546 2159 quantum

420 2177 497 2219 Ad
516 2192 583 2219 res
602 2175 827 2218 mutandas
843 2173 1147 2228 dissidiumque
1166 2171 1322 2215 valent.

362 2245 449 2287 Sec.
481 2243 717 2286 Damnatos
737 2247 880 2284 autem
901 2255 998 2296 quae
1018 2239 1189 2282 tandem
1209 2253 1332 2294 poena
1353 2235 1563 2291 sequuta?

419 2310 555 2367 Cujus
576 2309 628 2352 ad
648 2307 901 2351 arbitrium?
959 2305 1171 2362 Principis
1191 2319 1299 2347 anne
1319 2301 1530 2346 Patr-um?
1669 2300 1755 2343 720

360 2378 440 2420 Pr.
474 2376 644 2433 Aspera
663 2390 787 2431 poena
806 2373 920 2423 satis,
941 2372 1131 2427 citraque
1150 2369 1399 2428 gravissima
1417 2374 1608 2411 mortem.

418 2443 622 2486 Peccanti
643 2441 754 2484 clero
774 2456 896 2497 poena
917 2445 1008 2482 erat
1027 2438 1214 2482 exilium.

360 2510 564 2555 Peccanti
583 2509 691 2552 laico
712 2508 781 2551 via
801 2507 1076 2550 claudebatur
1095 2504 1148 2547 ad
1168 2517 1292 2546 omne

419 2577 570 2622 Civilis
590 2576 701 2626 vitae,
723 2573 972 2628 militiaeque
992 2572 1132 2614 decus.

359 2645 456 2689 Nec
475 2644 656 2687 Patrum
676 2640 863 2690 arbitrio,
879 2638 1056 2694 (quibus
1077 2650 1271 2680 accusare
1292 2632 1517 2690 dabatur);

415 2710 608 2767 Legibus
628 2716 673 2751 at
693 2705 860 2763 scriptis
880 2703 1081 2762 principis
1101 2702 1290 2759 imperio.

357 2779 445 2821 Sec.
478 2775 652 2821 Crimen
673 2779 776 2824 erat,
798 2772 947 2822 fateor,
973 2769 1136 2827 Synodi
1157 2767 1367 2812 contraria
1387 2765 1526 2818 dictis,

417 2843 529 2888 Cum
550 2840 710 2884 fuerint
728 2839 814 2882 lata
833 2838 927 2895 lege
946 2837 1135 2894 probata,
1156 2833 1286 2891 loqui.
