1982 3204
413 287 474 330 82
625 296 918 330 Doc'rmNAE
946 294 1310 329 wALLlsiANAE
1338 294 1410 327 DE
1438 295 1595 329 Mo'rU

129 425 388 452 rnunxxvm.
400 407 602 472 pondus
627 408 679 467 P,
705 407 964 455 celeritate
990 406 1041 454 C.
1117 405 1298 453 Quaero
1323 404 1419 463 hic,
1446 405 1484 452 si
1509 405 1582 453 vis
1605 411 1654 453 et
1675 421 1799 468 pon-

410 483 516 539 dus,
540 483 590 531 id
623 491 697 531 est
731 483 924 546 pondus
963 489 1011 530 et
1042 480 1235 544 pondus
1269 479 1396 537 data,
1421 481 1559 528 librae
1597 481 1714 528 hinc
1747 488 1798 528 et

408 559 522 606 inde
545 575 759 622 appensa
782 559 980 613 fuerint,
1006 571 1230 619 quaenam
1255 555 1318 602 sit
1337 555 1559 603 celeritas
1582 555 1666 603 illa
1683 555 1798 603 data

409 635 448 683 C
462 653 472 682 ε
498 651 609 682 cum
633 634 851 698 pondera
876 633 1039 680 omnia
1059 631 1278 693 ejusdem
1302 631 1519 678 materiae
1542 631 1603 679 ab
1622 631 1797 694 aequali

407 709 664 757 altitudine
712 708 917 756 tendant
966 706 1028 754 ad
1075 714 1300 754 centrum
1352 713 1499 755 terrae
1546 706 1796 755 celeritate

406 785 593 833 eadem.

473 860 654 909 Quaero
693 860 855 916 etiam,
890 857 1080 921 quoties
1114 856 1307 920 pondus
1341 864 1398 905 ut
1422 864 1469 916 2,
1494 856 1715 921 pendens
1743 856 1794 904 in

407 935 642 983 distantia
659 951 687 981 a
706 942 872 982 centro
891 933 1028 980 librae
1051 940 1105 980 ut
1133 939 1171 990 1,
1192 941 1243 980 et
1266 933 1456 996 pondus
1483 941 1536 980 ut
1568 938 1608 990 l,
1623 932 1672 980 in
1697 932 1796 980 dis-

405 1011 562 1058 tantia
586 1027 615 1058 a
639 1019 808 1057 centro
834 1009 972 1056 librae
995 1009 1072 1067 (ex
1101 1008 1257 1055 altera
1279 1008 1439 1071 parte)
1467 1016 1525 1055 ut
1548 1014 1577 1056 2
1600 1026 1611 1054 ε
1647 1023 1795 1071 quam

405 1086 583 1133 habeat
606 1085 845 1132 utrumvis
871 1099 1038 1131 eorum
1071 1082 1390 1141 celeritatem,
1417 1099 1529 1131 cum
1559 1083 1612 1130 in
1644 1083 1795 1146 aequi-

405 1161 547 1209 librio
574 1159 833 1208 existentia
857 1158 1109 1222 quiescant
1133 1158 1291 1206 ambo.

472 1237 674 1293 Rursus,
723 1234 835 1297 quia
879 1234 931 1281 in
986 1232 1181 1282 Scholia
1235 1233 1380 1296 hujus
1427 1233 1791 1297 propositionis,

404 1310 792 1374 magnitudinem
824 1308 1053 1372 ponderis
1089 1308 1499 1372 compensandam
1529 1324 1632 1356 esse
1659 1308 1792 1357 dicat

404 1387 636 1435 tarditate
661 1394 838 1444 motuS,
863 1400 950 1432 seu
981 1384 1215 1447 temporis
1249 1383 1589 1447 longitudine:
1624 1399 1791 1448 quaero

401 1463 485 1510 ubi
508 1463 604 1520 ille,
629 1462 680 1509 in
705 1460 1125 1518 antecedentibus,
1151 1459 1415 1508 celeritatis
1439 1467 1523 1508 aut
1557 1459 1792 1523 temporis

402 1538 533 1600 quod
557 1538 619 1586 sit
641 1537 692 1584 in
715 1536 932 1600 pondere
957 1536 1259 1584 mentionem
1286 1535 1419 1584 fecit.
1490 1536 1662 1584 Sciunt
1684 1534 1792 1599 qui-

401 1613 510 1660 dem
530 1628 698 1660 omnes
717 1627 836 1670 esse,
857 1611 908 1659 in
928 1611 1260 1675 aequilibratis,
1275 1611 1549 1675 ponderum
1567 1618 1617 1660 et
1630 1611 1792 1674 longi-

399 1689 625 1736 tudinum
646 1704 675 1735 a
699 1695 869 1735 centro
894 1687 1032 1734 librae
1055 1686 1297 1734 rationem
1321 1687 1639 1750 reciprocam.
1691 1686 1791 1735 Sed

398 1765 492 1812 hoc
517 1765 568 1811 in
596 1763 986 1827 praecedentibus
1023 1762 1412 1811 demonstratum
1447 1778 1549 1810 non
1581 1769 1671 1821 est,
1696 1777 1789 1810 nec

399 1855 544 1887 causa
568 1839 760 1886 reddita
782 1838 882 1886 ulla
906 1854 1072 1902 quare,
1099 1847 1149 1887 et
1172 1839 1223 1886 in
1249 1854 1346 1902 qua
1368 1838 1575 1895 ratione,
1599 1837 1788 1886 tardius

398 1922 674 1962 moveretur
712 1914 844 1977 quod
879 1914 1073 1977 longius
1109 1931 1139 1962 a
1175 1923 1345 1963 centro
1389 1931 1658 1979 appensum
1698 1921 1787 1972 est,

399 2006 545 2052 quam
559 1989 688 2053 quod
706 1990 920 2053 propius.
962 1990 1099 2038 Nihil
1117 2006 1234 2054 ergo
1254 1990 1632 2039 demonstravit:
1656 1989 1789 2038 idem

397 2065 566 2112 vitium
594 2074 668 2113 est
692 2066 742 2113 in
767 2082 907 2129 prop.
932 2066 1050 2114 xxix
1069 2074 1116 2114 et
1141 2082 1255 2115 xxx.

466 2140 782 2188 Manifestum
802 2141 949 2189 etiam
969 2148 1058 2200 est,
1074 2141 1198 2189 nihil
1220 2142 1358 2190 illum
1377 2141 1592 2199 omnino,
1606 2147 1788 2205 praeter

397 2215 543 2278 vulgo
560 2216 772 2278 cognita,
793 2216 853 2263 de
871 2223 1050 2265 natura
1066 2225 1227 2265 motus
1243 2217 1554 2273 intellexisse,
1573 2216 1660 2264 sed
1677 2232 1786 2280 quae

397 2288 585 2352 legerat
619 2291 848 2354 symbolis
883 2291 1264 2355 transcripsisse,
1289 2300 1339 2339 et
1373 2307 1472 2339 non
1507 2290 1655 2339 modo
1685 2307 1787 2339 non

399 2363 771 2424 demonstrasse,
796 2366 882 2414 sed
906 2366 1184 2430 ignorantia
1208 2367 1390 2431 regulae
1414 2366 1785 2415 substractionis

398 2439 448 2486 in
473 2439 796 2489 Arithmetica
822 2442 1063 2506 Speciosa
1087 2443 1376 2506 corrupisse,
1399 2457 1488 2506 per
1509 2441 1680 2490 falsam
1703 2457 1785 2491 ca·

397 2514 513 2577 pitis
537 2516 680 2579 hujus
704 2518 1090 2580 propositionem
1113 2517 1215 2566 viii.

464 2590 619 2638 Video
666 2593 809 2640 etiam
859 2593 996 2640 illum
1041 2593 1270 2657 ignorare
1310 2592 1784 2642 demonstrationum

397 2665 546 2728 leges,
570 2674 625 2713 ut
657 2668 739 2730 qui
775 2684 865 2715 nec
903 2668 1108 2717 definire
1145 2669 1285 2728 sciat,
1310 2676 1361 2717 et
1389 2684 1498 2732 quae
1527 2667 1785 2718 definierat

398 2740 526 2788 inter
551 2741 984 2791 demonstrandum
1007 2750 1180 2792 mutat.

466 2815 726 2875 Praeterea,
745 2820 1099 2881 propositiones
1122 2819 1271 2867 habet
1292 2817 1487 2867 inutiles
1509 2834 1710 2882 prorsus
1732 2826 1784 2867 et

397 2890 647 2950 absurdas,
669 2893 835 2956 quales
860 2903 990 2954 sunt,
1016 2895 1211 2944 Gravia
1231 2894 1498 2960 gravitaret
1521 2895 1571 2943 in
1594 2895 1784 2943 ratione

389 2966 661 3029 ponderum
671 2969 943 3029 .·—G'rave,
980 2977 1223 3035 quatenus
1255 2985 1349 3018 non
1384 2969 1670 3035 impeditur,
1694 2969 1780 3019 de-
