<?xml version="1.0" encoding="UTF-8"?>
<!DOCTYPE html PUBLIC "-//W3C//DTD XHTML 1.0 Transitional//EN"
    "http://www.w3.org/TR/xhtml1/DTD/xhtml1-transitional.dtd">
<html xmlns="http://www.w3.org/1999/xhtml" xml:lang="en" lang="en">
 <head>
  <title>
</title>
<meta http-equiv="Content-Type" content="text/html;charset=utf-8" />
  <meta name='ocr-system' content='tesseract 3.04.00' />
  <meta name='ocr-capabilities' content='ocr_page ocr_carea ocr_par ocr_line ocrx_word'/>
</head>
<body>
  <div class='ocr_page' id='page_1' title='image "./operaphilosophic05hobbuoft/operaphilosophic05hobbuoft_0304.png"; bbox 0 0 1982 3204; ppageno 0'>
   <div class='ocr_carea' id='block_1_1' title="bbox 137 358 340 431">
    <p class='ocr_par' dir='ltr' id='par_1_1' title="bbox 137 358 340 431">
     <span class='ocr_line' id='line_1_1' title="bbox 137 358 340 388; baseline 0.01 -2"><span class='ocrx_word' id='word_1_1' title='bbox 137 358 288 388; x_wconf 78' lang='lat' dir='ltr'>Cartesius</span> <span class='ocrx_word' id='word_1_2' title='bbox 301 359 340 388; x_wconf 75' lang='lat' dir='ltr'>nd</span> 
     </span>
     <span class='ocr_line' id='line_1_2' title="bbox 138 402 340 431; baseline 0.005 -1"><span class='ocrx_word' id='word_1_3' title='bbox 138 402 170 430; x_wconf 88' lang='lat' dir='ltr'>M</span> <span class='ocrx_word' id='word_1_4' title='bbox 175 412 340 431; x_wconf 84' lang='lat' dir='ltr'>ersenuum.</span> 
     </span>
    </p>
   </div>
   <div class='ocr_carea' id='block_1_2' title="bbox 403 231 1246 276">
    <p class='ocr_par' dir='ltr' id='par_1_2' title="bbox 403 231 1246 276">
     <span class='ocr_line' id='line_1_3' title="bbox 403 231 1246 276; baseline 0.004 -3"><span class='ocrx_word' id='word_1_5' title='bbox 403 231 500 274; x_wconf 82' lang='lat'>296</span> <span class='ocrx_word' id='word_1_6' title='bbox 949 243 1246 276; x_wconf 72' lang='lat' dir='ltr'>EP1s&#39;r0LAE.</span> 
     </span>
    </p>
   </div>
   <div class='ocr_carea' id='block_1_3' title="bbox 391 352 1796 2894">
    <p class='ocr_par' dir='ltr' id='par_1_3' title="bbox 400 352 1793 720">
     <span class='ocr_line' id='line_1_4' title="bbox 403 352 1792 418; baseline 0.002 -19"><span class='ocrx_word' id='word_1_7' title='bbox 403 353 575 416; x_wconf 88' lang='lat' dir='ltr'>Neque</span> <span class='ocrx_word' id='word_1_8' title='bbox 607 352 733 401; x_wconf 90' lang='lat' dir='ltr'>enim</span> <span class='ocrx_word' id='word_1_9' title='bbox 772 354 1243 403; x_wconf 82' lang='lat' dir='ltr'>verisimilitudinem</span> <span class='ocrx_word' id='word_1_10' title='bbox 1278 355 1493 418; x_wconf 85' lang='lat' dir='ltr'>aliquam</span> <span class='ocrx_word' id='word_1_11' title='bbox 1523 354 1576 402; x_wconf 91' lang='lat' dir='ltr'>in</span> <span class='ocrx_word' id='word_1_12' title='bbox 1606 370 1663 402; x_wconf 90' lang='lat' dir='ltr'>eo</span> <span class='ocrx_word' id='word_1_13' title='bbox 1687 369 1792 402; x_wconf 85' lang='lat' dir='ltr'>esse</span> 
     </span>
     <span class='ocr_line' id='line_1_5' title="bbox 401 428 1792 493; baseline 0.002 -18"><span class='ocrx_word' id='word_1_14' title='bbox 401 428 675 491; x_wconf 89' lang='lat' dir='ltr'>putandum</span> <span class='ocrx_word' id='word_1_15' title='bbox 702 437 793 488; x_wconf 88' lang='lat' dir='ltr'>est,</span> <span class='ocrx_word' id='word_1_16' title='bbox 819 430 951 493; x_wconf 93' lang='lat' dir='ltr'>quod</span> <span class='ocrx_word' id='word_1_17' title='bbox 982 447 1066 478; x_wconf 87' lang='lat' dir='ltr'>aer</span> <span class='ocrx_word' id='word_1_18' title='bbox 1096 431 1288 478; x_wconf 84' lang='lat' dir='ltr'>facilius</span> <span class='ocrx_word' id='word_1_19' title='bbox 1316 431 1460 478; x_wconf 87' lang='lat' dir='ltr'>cedat</span> <span class='ocrx_word' id='word_1_20' title='bbox 1495 430 1652 478; x_wconf 90' lang='lat' dir='ltr'>motui</span> <span class='ocrx_word' id='word_1_21' title='bbox 1689 446 1792 478; x_wconf 89' lang='lat' dir='ltr'>ma-</span> 
     </span>
     <span class='ocr_line' id='line_1_6' title="bbox 401 505 1792 569; baseline 0.001 -18"><span class='ocrx_word' id='word_1_22' title='bbox 401 519 554 551; x_wconf 91' lang='lat' dir='ltr'>nuum</span> <span class='ocrx_word' id='word_1_23' title='bbox 591 521 735 567; x_wconf 91' lang='lat' dir='ltr'>quam</span> <span class='ocrx_word' id='word_1_24' title='bbox 776 522 902 568; x_wconf 87' lang='lat' dir='ltr'>aqua</span> <span class='ocrx_word' id='word_1_25' title='bbox 938 506 1016 554; x_wconf 90' lang='lat' dir='ltr'>vel</span> <span class='ocrx_word' id='word_1_26' title='bbox 1056 507 1257 554; x_wconf 89' lang='lat' dir='ltr'>vitrum:</span> <span class='ocrx_word' id='word_1_27' title='bbox 1297 522 1454 569; x_wconf 86' lang='lat' dir='ltr'>neque</span> <span class='ocrx_word' id='word_1_28' title='bbox 1492 507 1622 554; x_wconf 88' lang='lat' dir='ltr'>enim</span> <span class='ocrx_word' id='word_1_29' title='bbox 1662 505 1792 553; x_wconf 89' lang='lat' dir='ltr'>actio</span> 
     </span>
     <span class='ocr_line' id='line_1_7' title="bbox 400 579 1793 645; baseline 0 -18"><span class='ocrx_word' id='word_1_30' title='bbox 400 579 598 628; x_wconf 91' lang='lat' dir='ltr'>luminis</span> <span class='ocrx_word' id='word_1_31' title='bbox 618 588 694 628; x_wconf 89' lang='lat' dir='ltr'>est</span> <span class='ocrx_word' id='word_1_32' title='bbox 717 581 767 628; x_wconf 90' lang='lat' dir='ltr'>in</span> <span class='ocrx_word' id='word_1_33' title='bbox 792 582 908 644; x_wconf 91' lang='lat' dir='ltr'>ipsis</span> <span class='ocrx_word' id='word_1_34' title='bbox 934 582 1221 645; x_wconf 80' lang='lat' dir='ltr'>corporibus</span> <span class='ocrx_word' id='word_1_35' title='bbox 1240 582 1365 630; x_wconf 89' lang='lat' dir='ltr'>aeris</span> <span class='ocrx_word' id='word_1_36' title='bbox 1389 590 1438 630; x_wconf 92' lang='lat' dir='ltr'>et</span> <span class='ocrx_word' id='word_1_37' title='bbox 1457 598 1613 644; x_wconf 87' lang='lat' dir='ltr'>aquae,</span> <span class='ocrx_word' id='word_1_38' title='bbox 1632 580 1718 629; x_wconf 88' lang='lat' dir='ltr'>sed</span> <span class='ocrx_word' id='word_1_39' title='bbox 1740 579 1793 628; x_wconf 90' lang='lat' dir='ltr'>in</span> 
     </span>
     <span class='ocr_line' id='line_1_8' title="bbox 401 655 1425 720; baseline 0.003 -18"><span class='ocrx_word' id='word_1_40' title='bbox 401 655 607 703; x_wconf 89' lang='lat' dir='ltr'>materia</span> <span class='ocrx_word' id='word_1_41' title='bbox 631 656 799 703; x_wconf 88' lang='lat' dir='ltr'>subtili</span> <span class='ocrx_word' id='word_1_42' title='bbox 824 672 993 704; x_wconf 90' lang='lat' dir='ltr'>eorum</span> <span class='ocrx_word' id='word_1_43' title='bbox 1018 657 1152 720; x_wconf 90' lang='lat' dir='ltr'>poris</span> <span class='ocrx_word' id='word_1_44' title='bbox 1178 664 1425 705; x_wconf 88' lang='lat' dir='ltr'>contenta.</span> 
     </span>
    </p>

    <p class='ocr_par' dir='ltr' id='par_1_4' title="bbox 399 730 1794 1458">
     <span class='ocr_line' id='line_1_9' title="bbox 471 730 1792 795; baseline 0.002 -18"><span class='ocrx_word' id='word_1_45' title='bbox 471 730 568 778; x_wconf 91' lang='lat' dir='ltr'>Hic</span> <span class='ocrx_word' id='word_1_46' title='bbox 603 732 751 779; x_wconf 90' lang='lat' dir='ltr'>etiam</span> <span class='ocrx_word' id='word_1_47' title='bbox 787 748 847 779; x_wconf 89' lang='lat' dir='ltr'>ex</span> <span class='ocrx_word' id='word_1_48' title='bbox 883 733 1140 780; x_wconf 89' lang='lat' dir='ltr'>occasione</span> <span class='ocrx_word' id='word_1_49' title='bbox 1165 733 1384 791; x_wconf 84' lang='lat' dir='ltr'><strong>adverto,</strong></span> <span class='ocrx_word' id='word_1_50' title='bbox 1414 749 1493 780; x_wconf 90' lang='lat' dir='ltr'>me</span> <span class='ocrx_word' id='word_1_51' title='bbox 1526 731 1578 780; x_wconf 89' lang='lat' dir='ltr'>in</span> <span class='ocrx_word' id='word_1_52' title='bbox 1614 747 1792 795; x_wconf 87' lang='lat' dir='ltr'>praece-</span> 
     </span>
     <span class='ocr_line' id='line_1_10' title="bbox 399 806 1793 872; baseline 0.001 -18"><span class='ocrx_word' id='word_1_53' title='bbox 399 806 538 854; x_wconf 89' lang='lat' dir='ltr'>denti</span> <span class='ocrx_word' id='word_1_54' title='bbox 553 807 758 869; x_wconf 89' lang='lat' dir='ltr'>epistola</span> <span class='ocrx_word' id='word_1_55' title='bbox 777 808 1043 871; x_wconf 85' lang='lat' dir='ltr'>scripsisse,</span> <span class='ocrx_word' id='word_1_56' title='bbox 1062 809 1227 856; x_wconf 89' lang='lat' dir='ltr'>lumen</span> <span class='ocrx_word' id='word_1_57' title='bbox 1247 808 1438 856; x_wconf 87' lang='lat' dir='ltr'>facilius</span> <span class='ocrx_word' id='word_1_58' title='bbox 1461 807 1724 872; x_wconf 89' lang='lat' dir='ltr'>propagari</span> <span class='ocrx_word' id='word_1_59' title='bbox 1741 806 1793 855; x_wconf 89' lang='lat' dir='ltr'>in</span> 
     </span>
     <span class='ocr_line' id='line_1_11' title="bbox 401 881 1792 946; baseline 0 -17"><span class='ocrx_word' id='word_1_60' title='bbox 401 881 525 929; x_wconf 88' lang='lat' dir='ltr'>duro</span> <span class='ocrx_word' id='word_1_61' title='bbox 550 899 695 946; x_wconf 90' lang='lat' dir='ltr'>quam</span> <span class='ocrx_word' id='word_1_62' title='bbox 719 884 771 931; x_wconf 89' lang='lat' dir='ltr'>in</span> <span class='ocrx_word' id='word_1_63' title='bbox 795 884 944 931; x_wconf 91' lang='lat' dir='ltr'>molli.</span> <span class='ocrx_word' id='word_1_64' title='bbox 1017 884 1166 933; x_wconf 77' lang='lat' dir='ltr'>Quod</span> <span class='ocrx_word' id='word_1_65' title='bbox 1194 885 1264 932; x_wconf 89' lang='lat' dir='ltr'>ita</span> <span class='ocrx_word' id='word_1_66' title='bbox 1297 891 1371 932; x_wconf 85' lang='lat' dir='ltr'>est</span> <span class='ocrx_word' id='word_1_67' title='bbox 1402 882 1792 946; x_wconf 89' lang='lat' dir='ltr'>intelligendum,</span> 
     </span>
     <span class='ocr_line' id='line_1_12' title="bbox 399 957 1794 1007; baseline 0.001 -3"><span class='ocrx_word' id='word_1_68' title='bbox 399 965 457 1004; x_wconf 91' lang='lat' dir='ltr'>ut</span> <span class='ocrx_word' id='word_1_69' title='bbox 481 957 685 1005; x_wconf 90' lang='lat' dir='ltr'>durities</span> <span class='ocrx_word' id='word_1_70' title='bbox 709 958 803 1006; x_wconf 87' lang='lat' dir='ltr'>ista</span> <span class='ocrx_word' id='word_1_71' title='bbox 837 975 938 1006; x_wconf 88' lang='lat' dir='ltr'>non</span> <span class='ocrx_word' id='word_1_72' title='bbox 969 959 1211 1007; x_wconf 88' lang='lat' dir='ltr'>referatur</span> <span class='ocrx_word' id='word_1_73' title='bbox 1242 960 1305 1007; x_wconf 87' lang='lat' dir='ltr'>ad</span> <span class='ocrx_word' id='word_1_74' title='bbox 1338 967 1523 1007; x_wconf 91' lang='lat' dir='ltr'>tactum</span> <span class='ocrx_word' id='word_1_75' title='bbox 1557 974 1794 1006; x_wconf 86' lang='lat' dir='ltr'>manuum</span> 
     </span>
     <span class='ocr_line' id='line_1_13' title="bbox 400 1034 1790 1091; baseline 0 -11"><span class='ocrx_word' id='word_1_76' title='bbox 400 1040 697 1091; x_wconf 88' lang='lat' dir='ltr'>nostrarum,</span> <span class='ocrx_word' id='word_1_77' title='bbox 714 1034 800 1081; x_wconf 89' lang='lat' dir='ltr'>sed</span> <span class='ocrx_word' id='word_1_78' title='bbox 819 1034 882 1082; x_wconf 88' lang='lat' dir='ltr'>ad</span> <span class='ocrx_word' id='word_1_79' title='bbox 906 1042 1094 1082; x_wconf 90' lang='lat' dir='ltr'>motum</span> <span class='ocrx_word' id='word_1_80' title='bbox 1118 1035 1333 1083; x_wconf 80' lang='lat' dir='ltr'>materiae</span> <span class='ocrx_word' id='word_1_81' title='bbox 1358 1034 1550 1082; x_wconf 87' lang='lat' dir='ltr'>subtilis</span> <span class='ocrx_word' id='word_1_82' title='bbox 1574 1041 1790 1082; x_wconf 86' lang='lat' dir='ltr'>tantum:</span> 
     </span>
     <span class='ocr_line' id='line_1_14' title="bbox 400 1108 1792 1173; baseline 0.001 -18"><span class='ocrx_word' id='word_1_83' title='bbox 400 1124 462 1155; x_wconf 91' lang='lat' dir='ltr'>ne</span> <span class='ocrx_word' id='word_1_84' title='bbox 486 1108 615 1155; x_wconf 86' lang='lat' dir='ltr'>forte</span> <span class='ocrx_word' id='word_1_85' title='bbox 633 1109 741 1171; x_wconf 86' lang='lat' dir='ltr'>quis</span> <span class='ocrx_word' id='word_1_86' title='bbox 765 1117 905 1172; x_wconf 88' lang='lat' dir='ltr'>putet</span> <span class='ocrx_word' id='word_1_87' title='bbox 929 1109 1043 1157; x_wconf 87' lang='lat' dir='ltr'>inde</span> <span class='ocrx_word' id='word_1_88' title='bbox 1062 1111 1198 1173; x_wconf 91' lang='lat' dir='ltr'>sequi</span> <span class='ocrx_word' id='word_1_89' title='bbox 1222 1110 1565 1158; x_wconf 88' lang='lat' dir='ltr'>refractionem</span> <span class='ocrx_word' id='word_1_90' title='bbox 1583 1124 1688 1157; x_wconf 89' lang='lat' dir='ltr'>esse</span> <span class='ocrx_word' id='word_1_91' title='bbox 1706 1109 1792 1156; x_wconf 85' lang='lat' dir='ltr'>de-</span> 
     </span>
     <span class='ocr_line' id='line_1_15' title="bbox 401 1184 1791 1248; baseline 0.001 -18"><span class='ocrx_word' id='word_1_92' title='bbox 401 1184 516 1231; x_wconf 89' lang='lat' dir='ltr'>bere</span> <span class='ocrx_word' id='word_1_93' title='bbox 541 1184 695 1231; x_wconf 89' lang='lat' dir='ltr'>multo</span> <span class='ocrx_word' id='word_1_94' title='bbox 731 1185 965 1247; x_wconf 88' lang='lat' dir='ltr'>majorem</span> <span class='ocrx_word' id='word_1_95' title='bbox 996 1185 1047 1232; x_wconf 92' lang='lat' dir='ltr'>in</span> <span class='ocrx_word' id='word_1_96' title='bbox 1072 1186 1199 1232; x_wconf 89' lang='lat' dir='ltr'>vitro</span> <span class='ocrx_word' id='word_1_97' title='bbox 1225 1201 1372 1248; x_wconf 91' lang='lat' dir='ltr'>quam</span> <span class='ocrx_word' id='word_1_98' title='bbox 1395 1185 1445 1232; x_wconf 89' lang='lat' dir='ltr'>in</span> <span class='ocrx_word' id='word_1_99' title='bbox 1475 1200 1618 1248; x_wconf 86' lang='lat' dir='ltr'>aqua.</span> <span class='ocrx_word' id='word_1_100' title='bbox 1686 1185 1791 1232; x_wconf 91' lang='lat' dir='ltr'>Etsi</span> 
     </span>
     <span class='ocr_line' id='line_1_16' title="bbox 400 1260 1790 1323; baseline 0 -17"><span class='ocrx_word' id='word_1_101' title='bbox 400 1260 530 1306; x_wconf 88' lang='lat' dir='ltr'>enim</span> <span class='ocrx_word' id='word_1_102' title='bbox 566 1260 748 1307; x_wconf 88' lang='lat' dir='ltr'>vitrum</span> <span class='ocrx_word' id='word_1_103' title='bbox 786 1260 850 1307; x_wconf 91' lang='lat' dir='ltr'>sit</span> <span class='ocrx_word' id='word_1_104' title='bbox 887 1260 1042 1308; x_wconf 92' lang='lat' dir='ltr'>multo</span> <span class='ocrx_word' id='word_1_105' title='bbox 1085 1261 1252 1308; x_wconf 85' lang='lat' dir='ltr'>durius</span> <span class='ocrx_word' id='word_1_106' title='bbox 1292 1268 1520 1323; x_wconf 91' lang='lat' dir='ltr'>respectu</span> <span class='ocrx_word' id='word_1_107' title='bbox 1557 1275 1790 1307; x_wconf 90' lang='lat' dir='ltr'>manuum</span> 
     </span>
     <span class='ocr_line' id='line_1_17' title="bbox 399 1335 1792 1398; baseline 0.001 -17"><span class='ocrx_word' id='word_1_108' title='bbox 399 1342 693 1393; x_wconf 87' lang='lat' dir='ltr'>nostrarum,</span> <span class='ocrx_word' id='word_1_109' title='bbox 719 1351 819 1382; x_wconf 91' lang='lat' dir='ltr'>non</span> <span class='ocrx_word' id='word_1_110' title='bbox 848 1344 1014 1383; x_wconf 86' lang='lat' dir='ltr'>tamen</span> <span class='ocrx_word' id='word_1_111' title='bbox 1038 1336 1192 1383; x_wconf 91' lang='lat' dir='ltr'>multo</span> <span class='ocrx_word' id='word_1_112' title='bbox 1228 1336 1383 1398; x_wconf 87' lang='lat' dir='ltr'>magis</span> <span class='ocrx_word' id='word_1_113' title='bbox 1421 1336 1602 1383; x_wconf 83' lang='lat' dir='ltr'>resistit</span> <span class='ocrx_word' id='word_1_114' title='bbox 1635 1335 1792 1382; x_wconf 89' lang='lat' dir='ltr'>motui</span> 
     </span>
     <span class='ocr_line' id='line_1_18' title="bbox 400 1411 859 1458; baseline 0.002 -1"><span class='ocrx_word' id='word_1_115' title='bbox 400 1411 616 1458; x_wconf 84' lang='lat' dir='ltr'>materiae</span> <span class='ocrx_word' id='word_1_116' title='bbox 650 1411 859 1458; x_wconf 90' lang='lat' dir='ltr'>subtilis.</span> 
     </span>
    </p>

    <p class='ocr_par' dir='ltr' id='par_1_5' title="bbox 397 1485 1792 1702">
     <span class='ocr_line' id='line_1_19' title="bbox 465 1485 1790 1550; baseline 0 -17"><span class='ocrx_word' id='word_1_117' title='bbox 465 1486 627 1534; x_wconf 88' lang='lat' dir='ltr'>Prima</span> <span class='ocrx_word' id='word_1_118' title='bbox 651 1486 920 1549; x_wconf 83' lang='lat' dir='ltr'>propositio</span> <span class='ocrx_word' id='word_1_119' title='bbox 957 1486 1101 1550; x_wconf 90' lang='lat' dir='ltr'>plane</span> <span class='ocrx_word' id='word_1_120' title='bbox 1130 1494 1205 1534; x_wconf 87' lang='lat' dir='ltr'>est</span> <span class='ocrx_word' id='word_1_121' title='bbox 1232 1486 1544 1550; x_wconf 88' lang='lat' dir='ltr'>imaginaria:</span> <span class='ocrx_word' id='word_1_122' title='bbox 1581 1485 1790 1533; x_wconf 87' lang='lat' dir='ltr'>destrui-</span> 
     </span>
     <span class='ocr_line' id='line_1_20' title="bbox 398 1562 1792 1626; baseline 0.001 -17"><span class='ocrx_word' id='word_1_123' title='bbox 398 1570 574 1625; x_wconf 88' lang='lat' dir='ltr'>turque</span> <span class='ocrx_word' id='word_1_124' title='bbox 599 1563 704 1624; x_wconf 88' lang='lat' dir='ltr'>ejus</span> <span class='ocrx_word' id='word_1_125' title='bbox 729 1563 971 1625; x_wconf 89' lang='lat' dir='ltr'>probatio,</span> <span class='ocrx_word' id='word_1_126' title='bbox 998 1578 1058 1610; x_wconf 86' lang='lat' dir='ltr'>ex</span> <span class='ocrx_word' id='word_1_127' title='bbox 1083 1579 1140 1610; x_wconf 92' lang='lat' dir='ltr'>eo</span> <span class='ocrx_word' id='word_1_128' title='bbox 1173 1563 1306 1626; x_wconf 92' lang='lat' dir='ltr'>quod</span> <span class='ocrx_word' id='word_1_129' title='bbox 1338 1571 1506 1611; x_wconf 87' lang='lat' dir='ltr'>utatur</span> <span class='ocrx_word' id='word_1_130' title='bbox 1537 1562 1600 1610; x_wconf 88' lang='lat' dir='ltr'>ad</span> <span class='ocrx_word' id='word_1_131' title='bbox 1634 1562 1792 1625; x_wconf 84' lang='lat' dir='ltr'>ipsam</span> 
     </span>
     <span class='ocr_line' id='line_1_21' title="bbox 397 1638 1659 1702; baseline 0 -17"><span class='ocrx_word' id='word_1_132' title='bbox 397 1638 703 1701; x_wconf 84' lang='lat' dir='ltr'>probandam</span> <span class='ocrx_word' id='word_1_133' title='bbox 727 1638 887 1701; x_wconf 89' lang='lat' dir='ltr'>prima</span> <span class='ocrx_word' id='word_1_134' title='bbox 911 1655 999 1686; x_wconf 88' lang='lat' dir='ltr'>sua</span> <span class='ocrx_word' id='word_1_135' title='bbox 1022 1638 1282 1702; x_wconf 85' lang='lat' dir='ltr'>hypothesi</span> <span class='ocrx_word' id='word_1_136' title='bbox 1302 1640 1404 1702; x_wconf 88' lang='lat' dir='ltr'>jam</span> <span class='ocrx_word' id='word_1_137' title='bbox 1430 1638 1659 1686; x_wconf 85' lang='lat' dir='ltr'>refutata.</span> 
     </span>
    </p>

    <p class='ocr_par' dir='ltr' id='par_1_6' title="bbox 398 1713 1796 1927">
     <span class='ocr_line' id='line_1_22' title="bbox 468 1713 1795 1777; baseline 0 -17"><span class='ocrx_word' id='word_1_138' title='bbox 468 1713 696 1760; x_wconf 84' lang='lat' dir='ltr'>Secunda</span> <span class='ocrx_word' id='word_1_139' title='bbox 718 1713 1007 1776; x_wconf 87' lang='lat' dir='ltr'>propositio,</span> <span class='ocrx_word' id='word_1_140' title='bbox 1033 1714 1072 1760; x_wconf 94' lang='lat' dir='ltr'>si</span> <span class='ocrx_word' id='word_1_141' title='bbox 1097 1714 1148 1761; x_wconf 90' lang='lat' dir='ltr'>in</span> <span class='ocrx_word' id='word_1_142' title='bbox 1175 1714 1281 1776; x_wconf 86' lang='lat' dir='ltr'>ipsa</span> <span class='ocrx_word' id='word_1_143' title='bbox 1305 1730 1395 1777; x_wconf 88' lang='lat' dir='ltr'>pro</span> <span class='ocrx_word' id='word_1_144' title='bbox 1420 1713 1686 1776; x_wconf 78' lang='lat' dir='ltr'>rejectione</span> <span class='ocrx_word' id='word_1_145' title='bbox 1707 1729 1795 1776; x_wconf 94' lang='lat' dir='ltr'>po-</span> 
     </span>
     <span class='ocr_line' id='line_1_23' title="bbox 400 1788 1796 1852; baseline 0.001 -17"><span class='ocrx_word' id='word_1_146' title='bbox 400 1798 547 1836; x_wconf 88' lang='lat' dir='ltr'>natur</span> <span class='ocrx_word' id='word_1_147' title='bbox 571 1788 809 1852; x_wconf 72' lang='lat' dir='ltr'>repulsz&#39;O,</span> <span class='ocrx_word' id='word_1_148' title='bbox 830 1797 884 1836; x_wconf 91' lang='lat' dir='ltr'>ut</span> <span class='ocrx_word' id='word_1_149' title='bbox 910 1788 971 1836; x_wconf 90' lang='lat' dir='ltr'>de</span> <span class='ocrx_word' id='word_1_150' title='bbox 996 1790 1099 1837; x_wconf 90' lang='lat' dir='ltr'>sola</span> <span class='ocrx_word' id='word_1_151' title='bbox 1123 1790 1433 1852; x_wconf 84' lang='lat' dir='ltr'>impulsione,</span> <span class='ocrx_word' id='word_1_152' title='bbox 1451 1805 1552 1837; x_wconf 91' lang='lat' dir='ltr'>non</span> <span class='ocrx_word' id='word_1_153' title='bbox 1577 1788 1638 1836; x_wconf 89' lang='lat' dir='ltr'>de</span> <span class='ocrx_word' id='word_1_154' title='bbox 1658 1795 1796 1836; x_wconf 87' lang='lat' dir='ltr'>motu</span> 
     </span>
     <span class='ocr_line' id='line_1_24' title="bbox 398 1864 1279 1927; baseline 0.003 -17"><span class='ocrx_word' id='word_1_155' title='bbox 398 1865 553 1927; x_wconf 87' lang='lat' dir='ltr'>possit</span> <span class='ocrx_word' id='word_1_156' title='bbox 577 1864 800 1927; x_wconf 87' lang='lat' dir='ltr'>intelligi,</span> <span class='ocrx_word' id='word_1_157' title='bbox 825 1881 943 1912; x_wconf 89' lang='lat' dir='ltr'>vera</span> <span class='ocrx_word' id='word_1_158' title='bbox 967 1874 1055 1925; x_wconf 88' lang='lat' dir='ltr'>est,</span> <span class='ocrx_word' id='word_1_159' title='bbox 1083 1874 1131 1913; x_wconf 88' lang='lat' dir='ltr'>et</span> <span class='ocrx_word' id='word_1_160' title='bbox 1155 1882 1279 1913; x_wconf 89' lang='lat' dir='ltr'>mea.</span> 
     </span>
    </p>

    <p class='ocr_par' dir='ltr' id='par_1_7' title="bbox 396 1939 1794 2380">
     <span class='ocr_line' id='line_1_25' title="bbox 466 1939 1794 2005; baseline -0.001 -17"><span class='ocrx_word' id='word_1_161' title='bbox 466 1940 590 1989; x_wconf 74' lang='lat' dir='ltr'>Quae</span> <span class='ocrx_word' id='word_1_162' title='bbox 609 1941 659 1988; x_wconf 91' lang='lat' dir='ltr'>in</span> <span class='ocrx_word' id='word_1_163' title='bbox 679 1941 826 1988; x_wconf 89' lang='lat' dir='ltr'>tertia</span> <span class='ocrx_word' id='word_1_164' title='bbox 843 1942 992 1989; x_wconf 90' lang='lat' dir='ltr'>habet</span> <span class='ocrx_word' id='word_1_165' title='bbox 1008 1942 1068 1989; x_wconf 89' lang='lat' dir='ltr'>de</span> <span class='ocrx_word' id='word_1_166' title='bbox 1085 1941 1288 2005; x_wconf 71' lang='lat' dir='ltr'>systole,</span> <span class='ocrx_word' id='word_1_167' title='bbox 1307 1941 1451 2004; x_wconf 90' lang='lat' dir='ltr'>plane</span> <span class='ocrx_word' id='word_1_168' title='bbox 1471 1939 1794 1989; x_wconf 86' lang='lat' dir='ltr'>destruuntur</span> 
     </span>
     <span class='ocr_line' id='line_1_26' title="bbox 398 2014 1790 2080; baseline 0 -18"><span class='ocrx_word' id='word_1_169' title='bbox 398 2031 458 2062; x_wconf 87' lang='lat' dir='ltr'>ex</span> <span class='ocrx_word' id='word_1_170' title='bbox 477 2016 579 2078; x_wconf 89' lang='lat' dir='ltr'>jam</span> <span class='ocrx_word' id='word_1_171' title='bbox 606 2015 773 2063; x_wconf 89' lang='lat' dir='ltr'>dictis:</span> <span class='ocrx_word' id='word_1_172' title='bbox 811 2024 867 2064; x_wconf 87' lang='lat' dir='ltr'>ut</span> <span class='ocrx_word' id='word_1_173' title='bbox 900 2024 949 2064; x_wconf 92' lang='lat' dir='ltr'>et</span> <span class='ocrx_word' id='word_1_174' title='bbox 981 2032 1039 2064; x_wconf 88' lang='lat' dir='ltr'>ea</span> <span class='ocrx_word' id='word_1_175' title='bbox 1062 2033 1171 2080; x_wconf 89' lang='lat' dir='ltr'>quae</span> <span class='ocrx_word' id='word_1_176' title='bbox 1198 2016 1318 2064; x_wconf 88' lang='lat' dir='ltr'>dicit</span> <span class='ocrx_word' id='word_1_177' title='bbox 1341 2016 1392 2063; x_wconf 91' lang='lat' dir='ltr'>in</span> <span class='ocrx_word' id='word_1_178' title='bbox 1421 2015 1704 2063; x_wconf 76' lang='lat' dir='ltr'>Corollaria</span> <span class='ocrx_word' id='word_1_179' title='bbox 1728 2014 1790 2063; x_wconf 89' lang='lat' dir='ltr'>de</span> 
     </span>
     <span class='ocr_line' id='line_1_27' title="bbox 396 2090 1787 2154; baseline 0.001 -17"><span class='ocrx_word' id='word_1_180' title='bbox 396 2091 726 2147; x_wconf 84' lang='lat' dir='ltr'>inclinatione,</span> <span class='ocrx_word' id='word_1_181' title='bbox 772 2108 917 2154; x_wconf 90' lang='lat' dir='ltr'>quam</span> <span class='ocrx_word' id='word_1_182' title='bbox 960 2093 1064 2139; x_wconf 88' lang='lat' dir='ltr'>vult</span> <span class='ocrx_word' id='word_1_183' title='bbox 1105 2108 1209 2140; x_wconf 87' lang='lat' dir='ltr'>esse</span> <span class='ocrx_word' id='word_1_184' title='bbox 1252 2101 1454 2149; x_wconf 90' lang='lat' dir='ltr'>motum,</span> <span class='ocrx_word' id='word_1_185' title='bbox 1497 2091 1688 2153; x_wconf 88' lang='lat' dir='ltr'>hocque</span> <span class='ocrx_word' id='word_1_186' title='bbox 1724 2090 1787 2138; x_wconf 92' lang='lat' dir='ltr'>ob</span> 
     </span>
     <span class='ocr_line' id='line_1_28' title="bbox 396 2165 1788 2230; baseline 0.001 -17"><span class='ocrx_word' id='word_1_187' title='bbox 396 2167 644 2230; x_wconf 85' lang='lat' dir='ltr'>egregiam</span> <span class='ocrx_word' id='word_1_188' title='bbox 681 2167 944 2214; x_wconf 88' lang='lat' dir='ltr'>rationem:</span> <span class='ocrx_word' id='word_1_189' title='bbox 984 2171 1013 2191; x_wconf 91' lang='lat'><strong>“</strong></span> <span class='ocrx_word' id='word_1_190' title='bbox 1035 2168 1195 2230; x_wconf 89' lang='lat' dir='ltr'>quia”,</span> <span class='ocrx_word' id='word_1_191' title='bbox 1231 2166 1405 2230; x_wconf 91' lang='lat' dir='ltr'>inquit,</span> <span class='ocrx_word' id='word_1_192' title='bbox 1443 2165 1788 2229; x_wconf 87' lang='lat' dir='ltr'>“principium</span> 
     </span>
     <span class='ocr_line' id='line_1_29' title="bbox 396 2240 1788 2291; baseline -0.001 -1"><span class='ocrx_word' id='word_1_193' title='bbox 396 2250 559 2290; x_wconf 90' lang='lat' dir='ltr'>motus</span> <span class='ocrx_word' id='word_1_194' title='bbox 584 2251 658 2290; x_wconf 90' lang='lat' dir='ltr'>est</span> <span class='ocrx_word' id='word_1_195' title='bbox 682 2242 891 2290; x_wconf 89' lang='lat' dir='ltr'>motus&#39;’.</span> <span class='ocrx_word' id='word_1_196' title='bbox 946 2242 1069 2291; x_wconf 77' lang='lat' dir='ltr'>Quis</span> <span class='ocrx_word' id='word_1_197' title='bbox 1094 2242 1224 2290; x_wconf 89' lang='lat' dir='ltr'>enim</span> <span class='ocrx_word' id='word_1_198' title='bbox 1242 2243 1312 2289; x_wconf 88' lang='lat' dir='ltr'>illi</span> <span class='ocrx_word' id='word_1_199' title='bbox 1330 2241 1571 2289; x_wconf 90' lang='lat' dir='ltr'>concessit</span> <span class='ocrx_word' id='word_1_200' title='bbox 1586 2240 1788 2288; x_wconf 86' lang='lat' dir='ltr'>inclina-</span> 
     </span>
     <span class='ocr_line' id='line_1_30' title="bbox 396 2316 1787 2380; baseline 0 -15"><span class='ocrx_word' id='word_1_201' title='bbox 396 2318 581 2366; x_wconf 87' lang='lat' dir='ltr'>tionem</span> <span class='ocrx_word' id='word_1_202' title='bbox 596 2333 699 2365; x_wconf 91' lang='lat' dir='ltr'>esse</span> <span class='ocrx_word' id='word_1_203' title='bbox 715 2317 1008 2380; x_wconf 87' lang='lat' dir='ltr'>principium</span> <span class='ocrx_word' id='word_1_204' title='bbox 1033 2318 1132 2365; x_wconf 90' lang='lat' dir='ltr'>sive</span> <span class='ocrx_word' id='word_1_205' title='bbox 1155 2325 1344 2380; x_wconf 89' lang='lat' dir='ltr'>partem</span> <span class='ocrx_word' id='word_1_206' title='bbox 1367 2317 1576 2380; x_wconf 86' lang='lat' dir='ltr'>primam</span> <span class='ocrx_word' id='word_1_207' title='bbox 1594 2316 1787 2365; x_wconf 82' lang='lat' dir='ltr'>motus?</span> 
     </span>
    </p>

    <p class='ocr_par' dir='ltr' id='par_1_8' title="bbox 391 2391 1788 2894">
     <span class='ocr_line' id='line_1_31' title="bbox 463 2391 1787 2456; baseline -0.001 -16"><span class='ocrx_word' id='word_1_208' title='bbox 463 2393 521 2440; x_wconf 89' lang='lat' dir='ltr'>In</span> <span class='ocrx_word' id='word_1_209' title='bbox 556 2393 891 2456; x_wconf 87' lang='lat' dir='ltr'>propositione</span> <span class='ocrx_word' id='word_1_210' title='bbox 924 2400 1112 2455; x_wconf 89' lang='lat' dir='ltr'>quarta,</span> <span class='ocrx_word' id='word_1_211' title='bbox 1139 2393 1262 2440; x_wconf 85' lang='lat' dir='ltr'>male</span> <span class='ocrx_word' id='word_1_212' title='bbox 1301 2392 1420 2440; x_wconf 89' lang='lat' dir='ltr'>dicit</span> <span class='ocrx_word' id='word_1_213' title='bbox 1451 2391 1644 2439; x_wconf 88' lang='lat' dir='ltr'>radium</span> <span class='ocrx_word' id='word_1_214' title='bbox 1679 2407 1787 2440; x_wconf 88' lang='lat' dir='ltr'>esse</span> 
     </span>
     <span class='ocr_line' id='line_1_32' title="bbox 395 2467 1788 2532; baseline -0.001 -15"><span class='ocrx_word' id='word_1_215' title='bbox 395 2468 607 2532; x_wconf 88' lang='lat' dir='ltr'>spatium</span> <span class='ocrx_word' id='word_1_216' title='bbox 626 2467 856 2516; x_wconf 87' lang='lat' dir='ltr'>solidum:</span> <span class='ocrx_word' id='word_1_217' title='bbox 883 2468 1054 2515; x_wconf 87' lang='lat' dir='ltr'>melius</span> <span class='ocrx_word' id='word_1_218' title='bbox 1073 2468 1199 2516; x_wconf 87' lang='lat' dir='ltr'>forte</span> <span class='ocrx_word' id='word_1_219' title='bbox 1218 2467 1434 2525; x_wconf 87' lang='lat' dir='ltr'>dixisset,</span> <span class='ocrx_word' id='word_1_220' title='bbox 1456 2483 1559 2516; x_wconf 92' lang='lat' dir='ltr'>esse</span> <span class='ocrx_word' id='word_1_221' title='bbox 1577 2467 1675 2515; x_wconf 91' lang='lat' dir='ltr'>vim</span> <span class='ocrx_word' id='word_1_222' title='bbox 1698 2483 1788 2531; x_wconf 87' lang='lat' dir='ltr'>per</span> 
     </span>
     <span class='ocr_line' id='line_1_33' title="bbox 395 2542 1786 2607; baseline 0 -16"><span class='ocrx_word' id='word_1_223' title='bbox 395 2544 605 2607; x_wconf 89' lang='lat' dir='ltr'>spatium</span> <span class='ocrx_word' id='word_1_224' title='bbox 637 2542 846 2590; x_wconf 89' lang='lat' dir='ltr'>solidum</span> <span class='ocrx_word' id='word_1_225' title='bbox 876 2542 1118 2591; x_wconf 89' lang='lat' dir='ltr'>diffusam.</span> <span class='ocrx_word' id='word_1_226' title='bbox 1189 2542 1287 2590; x_wconf 88' lang='lat' dir='ltr'>Sed</span> <span class='ocrx_word' id='word_1_227' title='bbox 1323 2542 1484 2590; x_wconf 89' lang='lat' dir='ltr'>adhuc</span> <span class='ocrx_word' id='word_1_228' title='bbox 1521 2542 1709 2601; x_wconf 87' lang='lat' dir='ltr'>melius,</span> <span class='ocrx_word' id='word_1_229' title='bbox 1744 2543 1786 2591; x_wconf 88' lang='lat' dir='ltr'>si</span> 
     </span>
     <span class='ocr_line' id='line_1_34' title="bbox 395 2608 1783 2681; baseline -0.001 -14"><span class='ocrx_word' id='word_1_230' title='bbox 395 2608 506 2667; x_wconf 88' lang='lat' dir='ltr'>cum</span> <span class='ocrx_word' id='word_1_231' title='bbox 532 2619 757 2667; x_wconf 88' lang='lat' dir='ltr'>omnibus</span> <span class='ocrx_word' id='word_1_232' title='bbox 782 2618 960 2681; x_wconf 91' lang='lat' dir='ltr'>opticis</span> <span class='ocrx_word' id='word_1_233' title='bbox 996 2618 1132 2665; x_wconf 89' lang='lat' dir='ltr'>illum</span> <span class='ocrx_word' id='word_1_234' title='bbox 1164 2626 1357 2665; x_wconf 88' lang='lat' dir='ltr'>tautum</span> <span class='ocrx_word' id='word_1_235' title='bbox 1382 2625 1437 2665; x_wconf 87' lang='lat' dir='ltr'>ut</span> <span class='ocrx_word' id='word_1_236' title='bbox 1459 2617 1640 2666; x_wconf 85' lang='lat' dir='ltr'>lineam</span> <span class='ocrx_word' id='word_1_237' title='bbox 1663 2633 1783 2666; x_wconf 90' lang='lat' dir='ltr'>con-</span> 
     </span>
     <span class='ocr_line' id='line_1_35' title="bbox 394 2692 1786 2756; baseline -0.001 -14"><span class='ocrx_word' id='word_1_238' title='bbox 394 2694 654 2742; x_wconf 89' lang='lat' dir='ltr'>sideraret:</span> <span class='ocrx_word' id='word_1_239' title='bbox 691 2693 847 2742; x_wconf 88' lang='lat' dir='ltr'>utitur</span> <span class='ocrx_word' id='word_1_240' title='bbox 879 2694 1009 2741; x_wconf 89' lang='lat' dir='ltr'>enim</span> <span class='ocrx_word' id='word_1_241' title='bbox 1039 2700 1232 2741; x_wconf 87' lang='lat' dir='ltr'>tantum</span> <span class='ocrx_word' id='word_1_242' title='bbox 1263 2700 1432 2756; x_wconf 88' lang='lat' dir='ltr'>postea</span> <span class='ocrx_word' id='word_1_243' title='bbox 1463 2692 1590 2741; x_wconf 88' lang='lat' dir='ltr'>radii</span> <span class='ocrx_word' id='word_1_244' title='bbox 1619 2693 1786 2742; x_wconf 82' lang='lat' dir='ltr'>latitu-</span> 
     </span>
     <span class='ocr_line' id='line_1_36' title="bbox 394 2768 1784 2832; baseline -0.001 -14"><span class='ocrx_word' id='word_1_245' title='bbox 394 2770 524 2828; x_wconf 88' lang='lat' dir='ltr'>dine,</span> <span class='ocrx_word' id='word_1_246' title='bbox 549 2777 604 2817; x_wconf 91' lang='lat' dir='ltr'>ut</span> <span class='ocrx_word' id='word_1_247' title='bbox 627 2776 677 2817; x_wconf 91' lang='lat' dir='ltr'>et</span> <span class='ocrx_word' id='word_1_248' title='bbox 701 2785 789 2818; x_wconf 86' lang='lat' dir='ltr'>sua</span> <span class='ocrx_word' id='word_1_249' title='bbox 812 2769 941 2818; x_wconf 89' lang='lat' dir='ltr'>linea</span> <span class='ocrx_word' id='word_1_250' title='bbox 963 2769 1101 2828; x_wconf 88' lang='lat' dir='ltr'>lucis,</span> <span class='ocrx_word' id='word_1_251' title='bbox 1126 2768 1189 2817; x_wconf 85' lang='lat' dir='ltr'>ad</span> <span class='ocrx_word' id='word_1_252' title='bbox 1225 2768 1538 2832; x_wconf 85' lang='lat' dir='ltr'>imaginarias</span> <span class='ocrx_word' id='word_1_253' title='bbox 1570 2769 1784 2818; x_wconf 82' lang='lat' dir='ltr'>rationes</span> 
     </span>
     <span class='ocr_line' id='line_1_37' title="bbox 391 2844 715 2894; baseline 0 -1"><span class='ocrx_word' id='word_1_254' title='bbox 391 2844 715 2894; x_wconf 85' lang='lat' dir='ltr'>adornandas.</span> 
     </span>
    </p>
   </div>
  </div>
 </body>
</html>
