1982 3204
0 2841 18 2865 ,v

503 340 768 375 ROSRTUM
795 338 1222 374 GEOMRTRICUM.
1492 331 1554 373 35

163 469 254 519 per
275 468 327 503 se
353 453 636 511 subsistenS,
661 459 711 501 et
734 452 967 501 distincta
989 467 1019 499 a
1042 444 1248 499 scientia
1278 452 1556 516 superficie-

163 545 303 578 rum:
340 538 388 578 et
411 530 518 578 haec
541 529 773 577 distincta
793 543 823 575 a
845 527 1051 574 scientia
1074 526 1356 575 solidorum.
1436 577 1439 580 Δ

231 605 437 664 Deinde,
462 605 576 669 quia
599 602 898 652 mensuratio
921 602 1078 649 omnis
1108 602 1283 665 incipit
1305 619 1334 650 a
1357 611 1555 666 punct0‚

163 689 401 745 punctum
425 689 589 729 autem
623 677 921 730 considerari
956 693 1056 725 non
1094 685 1257 740 potest
1292 686 1350 724 ut
1382 679 1557 741 figura—

163 763 288 813 tum,
312 754 558 820 quomodo
581 762 746 818 potest
779 760 1019 816 punctum
1054 753 1104 800 in
1128 752 1354 815 quadrati
1377 754 1558 816 angulo

164 830 308 879 aliter
329 829 628 879 considerari
651 844 797 891 quam
836 836 892 875 ut
929 835 1165 891 quantum
1203 828 1403 891 aliquod
1439 845 1558 891 qua-

165 906 308 955 drato
349 913 399 953 et
433 906 538 968 ejus
576 904 721 952 lateri
766 903 1058 952 commune?
1150 903 1558 956 Consideraremr

164 981 296 1030 enim
317 988 374 1029 ut
397 981 660 1043 figuratum
684 987 735 1027 et
758 995 855 1027 non
880 980 1161 1042 figuratum,
1185 979 1410 1027 absurde.

232 1057 487 1114 Praeterea,
513 1054 758 1118 quomodo
783 1062 947 1117 potest
972 1064 1210 1118 punctum
1234 1054 1367 1118 quod
1398 1061 1472 1102 est
1506 1055 1558 1102 in

163 1139 335 1180 centro
359 1130 545 1189 circuli,
570 1130 740 1178 haberi
761 1146 851 1193 pro
874 1130 1044 1189 nihilo,
1064 1146 1177 1178 cum
1194 1130 1258 1178 sit
1281 1129 1555 1178 divisibile?

163 1206 294 1255 Nam
317 1205 473 1254 diviso
493 1205 716 1269 quolibet
740 1213 929 1253 sectore
953 1205 1005 1252 in
1039 1213 1205 1268 partes
1229 1212 1558 1270 quotcunque,

163 1281 217 1330 in
240 1281 458 1330 totidem'
473 1281 720 1329 dividetur
743 1281 892 1329 etiam
919 1289 1158 1329 centrum.

230 1356 376 1406 Dicet
402 1356 531 1405 forte
555 1357 748 1421 aliquis.
773 1357 877 1405 sine
902 1357 1101 1420 cognita
1124 1357 1399 1420 quantitate
1433 1358 1565 1421 figu7

165 1447 332 1480 rarum
355 1432 649 1496 paucissima
670 1432 775 1480 fore
799 1432 1104 1480 theoremata
1126 1432 1187 1480 de
1206 1433 1396 1480 ratione
1410 1432 1561 1480 linea-

166 1523 278 1556 rum
341 1507 757 1566 demonstrabilia,
809 1515 1137 1571 praeterquam
1195 1508 1559 1555 mensuratione

167 1583 470 1632 mechanica.
551 1583 650 1631 Sed
671 1591 855 1640 errant,
878 1583 1038 1646 primo
1069 1583 1184 1646 quia
1204 1582 1418 1631 rationes
1442 1583 1561 1630 line-

167 1674 309 1708 arum
331 1659 461 1707 inter
483 1675 552 1718 se,
577 1666 628 1707 et
656 1659 924 1723 figurarum
948 1659 1339 1707 constructiones
1363 1667 1413 1707 et
1447 1675 1561 1723 pas-

167 1734 329 1783 siones
366 1751 550 1793 omnes,
586 1735 851 1783 traduntur
884 1734 946 1782 ab
984 1734 1190 1783 Euclide
1220 1735 1324 1783 sine
1361 1735 1561 1797 cognita

167 1818 256 1858 aut
277 1810 502 1874 quadrati
525 1818 610 1858 aut
634 1811 968 1874 cujuscunque
990 1810 1162 1874 figurae
1179 1810 1451 1874 quantitate
1473 1818 1560 1858 aut

168 1885 358 1935 ratione
380 1887 550 1949 figurae
573 1886 637 1933 ad
667 1886 892 1948 figuram.
945 1886 1052 1933 Nec
1075 1886 1328 1950 quisquam
1351 1886 1561 1934 tentavit

167 1960 527 2024 longitudinem
550 1961 693 2009 lineae
708 1977 798 2024 per
819 1960 1207 2024 magnitudinem
1225 1961 1452 2025 quadrati
1477 1962 1560 2009 de-

168 2044 446 2085 monstrare
469 2044 582 2084 ante
606 2035 976 2084 Archimedem:
999 2052 1092 2084 nec
1114 2044 1226 2099 post
1249 2037 1386 2084 illum
1407 2036 1561 2100 (quod

170 2111 315 2175 scio),
337 2119 520 2175 praeter
542 2112 820 2169 Eutocium,
844 2119 958 2159 ante
983 2111 1307 2175 Copernicum
1328 2134 1341 2168 ;
1365 2128 1457 2160 nec
1479 2112 1561 2160 ille

169 2186 370 2252 quidem
394 2186 748 2235 demonstravit
769 2194 1012 2235 accurate.

238 2262 411 2326 Neque
447 2261 555 2310 haec
595 2261 705 2310 dico
743 2261 875 2325 quod
905 2261 1214 2311 mechanicas
1251 2263 1560 2326 operationes

170 2353 262 2403 pro
306 2337 538 2402 legitimis
585 2338 1085 2386 demonstrationibus
1125 2338 1359 2386 admissas
1398 2338 1558 2385 velim.

173 2412 272 2462 Sed
294 2413 347 2461 in
369 2412 504 2462 omni
526 2413 794 2477 quaestione
823 2414 1123 2477 geometrica
1157 2414 1312 2463 multo
1351 2413 1565 2477 pruden-

170 2488 270 2538 tius
283 2503 390 2536 esse
407 2488 648 2545 existimo,
662 2497 777 2538 ante
790 2489 1073 2537 mechanice
1088 2490 1415 2538 mensurando
1431 2507 1566 2553 mag-

171 2563 448 2612 nitudinem
470 2565 726 2628 quaesitam
750 2572 989 2628 quantum
1012 2573 1176 2628 potest
1197 2566 1306 2613 fieri
1328 2565 1564 2614 veritate*

173 2639 445 2703 proximam
468 2641 676 2704 assequi,
700 2648 752 2688 et
772 2639 948 2688 deinde
966 2656 1164 2688 causam
1188 2641 1433 2705 inquirere
1456 2658 1564 2705 pro-

120 2735 125 2739 ·
173 2713 475 2779 pinquitatis‚
510 2730 620 2779 quae
650 2715 851 2763 inventa
881 2715 1139 2763 veritatem
1181 2725 1268 2764 aut
1303 2716 1567 2764 falsitatem

177 2786 391 2852 deteget,
413 2805 561 2853 quam
590 2797 775 2838 temere
806 2789 1011 2838 credens
1045 2790 1247 2840 incertae
1281 2791 1454 2855 logicae
1491 2790 1566 2837 vel

698 2954 719 2976 ⁸
751 2953 817 2994 Sic
835 2955 927 2993 edit.
955 2955 1066 2994 1671.

1361 3027 1392 3058 ι)
1420 3026 1439 3052 ¹2

1603 468 1714 495 PROP.
1735 468 1803 494 XV.

1611 514 1800 534 ν-Ύῄθ

1597 555 1744 589 mxu—nio
1759 555 1796 583 de

1595 599 1740 627 discordia
1752 603 1807 628 etc.
