1982 3204
300 239 397 283 390
863 250 1129 284 HISTORIA

303 358 488 415 Solaque
509 375 609 403 cura
629 367 785 412 manet,
808 376 892 416 quo
913 368 1037 417 pacto
1058 361 1210 403 debeat
1230 361 1296 403 uti

359 425 563 468 Fortunae
584 426 716 478 fluxu,
738 427 1072 483 muneribusque
1092 427 1203 477 frui3

304 490 499 545 Quantos
519 492 716 536 induerat
735 494 874 536 radios
895 494 1144 550 splendoris,
1166 500 1210 537 et
1230 500 1341 536 esset

364 558 497 602 Stella
518 559 673 614 quibus
693 560 830 611 foelix,
852 560 973 602 stella
993 550 1178 616 maligna
1199 560 1378 615 quibus;

305 624 455 681 Regna
476 625 631 680 quibus
651 626 798 668 deceat
818 627 930 676 dare,
953 626 1149 676 vendere,
1171 626 1334 676 tollere,
1357 625 1518 681 quique

361 691 629 734 Exaltandus
650 699 752 742 erat,
776 692 936 748 quique
957 692 1211 748 premendus
1232 699 1334 734 erat.

303 756 505 800 Promere
527 759 599 801 sed
618 759 762 802 lumen
790 759 928 809 Libri,
950 766 1079 814 atque
1100 759 1367 810 abscondere,
1393 757 1524 810 Sacri,

362 823 503 880 Ipsius
523 825 711 875 arbitrio,
733 825 918 867 maxima
937 839 1039 867 cura
1059 825 1156 866 fuit.
1421 824 1427 833 ⁶
1589 827 1698 866 1540

306 889 502 946 Namque
523 906 598 947 per
618 891 698 934 hoc
719 898 886 947 tempus
908 891 1088 934 cessavit
1107 891 1255 948 lingua
1275 891 1434 934 Latina

360 957 525 1008 Romae,
548 972 644 1013 quae
666 957 795 1014 longo
815 964 1005 1013 tempore
1021 957 1156 1000 Babel
1177 965 1268 1000 erat
1285 974 1294 999 :

307 1021 446 1078 Inque
466 1039 594 1066 unam
615 1023 784 1080 linguas
805 1023 960 1065 multas
981 1023 1237 1066 conflaverat
1255 1030 1370 1066 aetas.

365 1090 517 1133 Italica
535 1090 628 1133 haec
647 1090 777 1146 vulgo
798 1090 969 1132 nomine
990 1090 1103 1132 dicta
1123 1089 1218 1132 fuit.

308 1157 379 1200 Sic
400 1157 473 1213 qui
493 1157 684 1200 doctrina
705 1172 841 1199 caecus
861 1156 946 1198 fuit
965 1163 1063 1198 ante
1083 1156 1288 1212 popellus,

365 1222 547 1280 Cogitur
567 1223 713 1266 officiis
735 1223 887 1265 surdus
907 1223 1051 1265 adesse
1072 1222 1211 1265 sacris.

307 1289 455 1333 Olerus
475 1295 701 1346 cognoscet
721 1289 834 1332 solus
858 1288 1078 1345 Scriptura
1097 1303 1327 1344 precesque

365 1356 482 1410 Quid
502 1357 676 1399 dicunt:
709 1356 890 1412 populus
911 1355 1049 1398 dicere
1069 1355 1204 1397 discat
1224 1357 1370 1397 Amen.

307 1422 399 1466 Uni
420 1429 671 1466 cunctorum
692 1422 913 1465 commissa
933 1428 998 1464 est
1017 1437 1119 1464 cura
1139 1421 1310 1463 salutis:

363 1489 547 1532 Romani
567 1489 761 1544 loquitur
780 1488 972 1544 praesulis
993 1503 1063 1530 ore
1085 1487 1217 1530 Deus.
1588 1487 1699 1528 1550

308 1555 436 1610 Quod
457 1555 492 1598 si
513 1555 728 1605 concedas,
751 1554 853 1610 quid
875 1560 1054 1610 prosunt
1074 1553 1216 1596 Biblia
1236 1553 1411 1596 sancta?

367 1622 519 1666 Salvus
540 1622 634 1672 eris,
656 1621 691 1664 si
712 1637 805 1676 quae
821 1620 997 1677 jusserit
1016 1620 1086 1662 ille
1108 1620 1223 1662 facis.

306 1690 390 1731 Sec.
423 1689 527 1731 Non
549 1695 639 1731 erat
659 1687 849 1737 ambitio,
872 1687 944 1729 sed
967 1693 1058 1729 erat
1078 1685 1296 1742 sapientia,
1318 1684 1447 1741 vulgo

367 1755 606 1812 Scripturas
627 1770 762 1797 sacras
784 1754 898 1809 quod
918 1760 1092 1796 vetuere
1111 1753 1212 1809 legi.

306 1821 463 1864 Nonne
484 1821 569 1864 Dei
589 1820 793 1877 populum
814 1819 954 1862 vetuit
974 1818 1253 1861 conscendere
1274 1822 1462 1860 montem

363 1887 675 1930 Flammantem
697 1886 853 1936 Moses,
871 1885 969 1928 inde
991 1885 1132 1927 videre
1154 1883 1327 1926 Deum?

306 1953 459 2010 Nuper
478 1961 529 1996 ut
548 1954 591 1995 in
613 1959 753 2009 partes
774 1953 910 1994 fracta
930 1958 994 1994 est
1015 1951 1206 1994 Ecclesia
1226 1956 1382 1999 nostra,

364 2020 550 2070 Vidisti;
583 2026 708 2062 scctae
730 2026 921 2073 quotque
941 2017 1061 2060 fuere
1081 2017 1326 2059 hominum:

308 2086 659 2142 Independentes,
683 2084 888 2133 Tremuli,
911 2083 1245 2139 Presbyteriani,

364 2151 848 2206 Quinti-monarchistae,
871 2149 1106 2200 Praesulici,
1129 2149 1330 2205 Dibaphi.
1587 2147 1696 2187 1560

306 2219 447 2273 Quam
468 2219 603 2261 multo
625 2233 784 2260 saevum
805 2217 1016 2259 satiabant
1037 2216 1242 2273 sanguine
1265 2216 1464 2263 Martem,

365 2284 536 2335 Scituri,
558 2285 668 2327 bello
683 2284 840 2339 judice,
858 2285 987 2326 verba
1007 2282 1105 2325 Dei.

306 2351 394 2405 Qui
415 2351 532 2408 cupit
554 2351 597 2392 in
619 2347 776 2393 celsum
801 2348 914 2392 Sinae
935 2348 1214 2391 conscendere
1235 2354 1437 2397 montem,

362 2417 483 2460 Ante
504 2417 547 2458 in
572 2417 779 2458 Parnasso
800 2414 979 2457 fabricet
999 2414 1070 2456 ille
1090 2413 1258 2456 scalam.

304 2484 382 2526 Pr.
417 2483 543 2526 Tune
564 2483 667 2525 adeo
687 2484 822 2524 bonus
843 2496 899 2530 es,
922 2487 1138 2522 tantorum
1158 2485 1208 2521 ut
1228 2494 1353 2521 eausa
1373 2477 1579 2520 malorum

363 2550 470 2592 Visa
490 2550 546 2591 sit
566 2564 655 2591 esse
676 2548 755 2590 tibi
778 2546 918 2588 Biblia
941 2544 1069 2589 Sacra
1088 2543 1208 2601 legi?

306 2615 482 2659 Sederat
502 2616 546 2657 in
566 2615 678 2658 clero
698 2612 853 2657 veteris
875 2612 957 2654 faex
977 2610 1245 2654 ambitionis:

360 2682 463 2725 Non
484 2682 567 2724 illis
587 2688 742 2724 nostrae
764 2694 864 2722 cura
885 2678 1032 2720 salutis
1053 2683 1156 2720 erat.

304 2749 413 2803 Quis
433 2748 530 2791 fidei
552 2755 720 2796 nostrae,
743 2746 975 2794 certabant,
998 2742 1274 2799 imperitaret,

359 2815 420 2858 Et
439 2821 608 2871 caperet
627 2813 805 2861 lucrum,
828 2810 941 2866 quod
964 2810 1081 2853 venit
1101 2809 1212 2859 inde,
1234 2808 1324 2851 sibi.
1583 2808 1692 2849 1570
