1982 3204
701 271 1146 306 nccnnsiAsrch.
1521 261 1618 311 397

234 382 416 427 Olet-im
434 390 479 426 et
496 382 631 437 (docti
651 381 821 436 dicunt)
841 381 1101 423 Hoeredicus¹
1126 381 1236 424 idem
1258 389 1347 424 est:

294 451 436 505 Atque
457 449 555 492 hinc
575 456 641 492 est
660 449 772 492 clero
792 448 907 504 quod
929 447 1080 490 Venus
1100 447 1236 490 omnis
1256 449 1390 491 abest.

234 514 319 560 Sed
339 515 454 558 color
467 515 535 558 hic
556 515 699 565 falsus,
715 515 968 572 fugiensque
989 513 1033 555 in
1052 513 1147 556 luce
1166 513 1277 556 diei:

290 581 351 624 Et
371 582 451 624 nisi
471 583 550 624 sub
570 588 736 625 noctem
759 581 904 624 fallere
925 581 1095 637 ineptus
1115 587 1218 622 erat.
1466 573 1471 576 ’
1512 583 1621 621 1800

233 648 460 705 Ingeniosa
478 647 563 690 fuit
582 648 870 703 meditataque
891 646 1084 690 machina
1103 653 1252 690 contra
1456 654 1526 669 ⁹*

292 713 443 770 Reges,
465 728 519 756 ne
538 720 710 770 possent
728 713 887 756 ordinis
907 727 996 755 esse
1017 711 1134 754 sacri.

234 778 349 822 Nam
370 779 455 822 duo
475 779 691 835 conjuncti
711 779 841 829 tituli,
862 779 951 821 Rex
969 785 1089 835 atque
1109 778 1317 828 Sacerdos,

291 845 492 902 Regnum
512 844 636 887 civile
656 851 701 887 et
720 844 939 901 spirituale
960 844 1129 886 dabant,

235 882 386 967 Quode>
384 926 438 954 ne
458 910 628 966 quando
648 910 771 960 soret,
792 909 1007 966 provisum
1027 909 1106 952 hac
1126 909 1219 966 lege
1239 908 1382 952 videre

293 977 535 1026 Pontifices,
555 990 677 1032 reges
695 991 780 1018 non
802 983 980 1032 potuere
995 975 1107 1018 boni.

235 1043 441 1100 Regibus,
463 1042 542 1085 hoc
561 1049 699 1099 pacto,
721 1042 790 1084 vel
812 1042 931 1099 regni
951 1041 1117 1085 haerede
1137 1056 1292 1092 carere,

293 1108 580 1153 Ordinibusve
600 1107 742 1158 sacris,
764 1114 918 1158 stante,
939 1122 1109 1150 necesse
1129 1106 1224 1149 suit.

237 1175 324 1218 Soc.
355 1173 514 1217 Nonne
534 1174 600 1216 sui
620 1173 767 1231 populi
787 1173 898 1224 Rex,
920 1173 1075 1216 Pastor
1094 1188 1283 1215 summus
1303 1180 1360 1222 et,
1377 1172 1486 1215 idem
1509 1172 1599 1213 est?

294 1240 356 1284 Et
375 1242 663 1297 sub-pastores
683 1255 824 1283 nonne
844 1255 985 1283 creare
1006 1240 1180 1296 potest?
1519 1241 1628 1280 1⁸10

237 1305 340 1364 Ipsa
357 1306 500 1364 gregis
522 1305 697 1356 Christi,
718 1306 818 1348 data
837 1306 893 1348 sit
912 1305 1165 1360 cuicunque,
1186 1304 1360 1362 regendi

296 1372 414 1418 Cura
432 1372 705 1423 sacerdotem,
727 1372 900 1428 solaque
924 1371 1091 1428 (credo)
1110 1371 1228 1414 facit.

238 1439 322 1483 Pr.
353 1438 539 1484 Cernere
559 1439 632 1482 sed
653 1438 839 1495 Pythico
859 1438 1018 1481 velatas
1037 1438 1222 1481 carmine
1241 1437 1429 1488 technas,

297 1505 563 1563 Magnanimi
582 1520 704 1562 reges
724 1520 811 1561 quo
832 1513 1008 1562 potuere
1030 1505 1187 1547 modo?

239 1571 402 1615 Nullus
421 1579 513 1615 erat
532 1571 727 1628 princeps
747 1571 800 1614 ad
820 1578 965 1614 sancta
984 1570 1153 1614 oracula
1171 1570 1303 1627 Papae

300 1637 420 1693 Quin
439 1637 635 1695 stupidus
654 1638 791 1690 fieret,
816 1637 1141 1695 Chilpericoque
1160 1638 1306 1695 magis.

242 1705 330 1748 Soc.
363 1703 449 1748 Sed
468 1719 600 1760 quare
620 1704 803 1761 populus
821 1719 907 1747 non
927 1704 1060 1747 sensit
1078 1703 1240 1747 fraudis
1259 1704 1463 1748 odorem?

299 1770 435 1814 Anne
454 1769 529 1814 illo
550 1786 677 1813 nasus
697 1778 888 1827 tempore
908 1770 1051 1813 nullus
1071 1778 1162 1813 erat
1177 1771 1197 1812 ?

242 1837 324 1881 Pr.
355 1836 500 1879 Nasus
520 1842 624 1886 erat,
646 1843 738 1879 toto
759 1836 832 1879 sed
851 1843 956 1879 tunc
976 1836 1234 1893 epidemicus
1248 1837 1350 1880 orbe

299 1902 514 1946 Nasoi-um
535 1903 707 1946 morbus
726 1902 953 1959 praevaluit
967 1902 1174 1960 Polypus.
1524 1903 1634 1944 1820

243 1968 334 2024 Qui
352 1984 406 2013 ne
427 1975 621 2019 cessaret,
644 1968 845 2012 subtilem
866 1968 1084 2026 excogitat
1104 1976 1253 2020 artem,

303 2035 497 2081 Callidus
515 2041 567 2078 ut
586 2034 735 2091 vulpes
754 2034 999 2086 ambitione,
1020 2035 1130 2079 Leo.

243 2102 426 2160 Ingenio
445 2101 672 2157 studioque
692 2100 801 2144 solet
819 2101 1027 2158 sapientia
1049 2101 1205 2158 quaeri3

304 2169 433 2213 Hanc
450 2168 597 2226 generi
617 2167 802 2211 humano
822 2168 971 2212 tollere
990 2167 1110 2226 Papa
1129 2174 1262 2225 parat.

247 2236 337 2279 800.
366 2234 527 2278 Nescio
546 2234 622 2290 qui
642 2233 801 2277 stultus
820 2234 912 2276 fieri
933 2241 1064 2290 queat
1082 2249 1137 2278 ex
1156 2234 1371 2291 sapiente:

304 2300 376 2345 Ex
395 2301 528 2344 stulto
547 2300 714 2358 sapiens
733 2300 965 2344 erudiendo
983 2307 1139 2358 potest.

248 2368 330 2411 Pr.
364 2365 600 2411 Stultitiam
620 2366 799 2410 fortasse
819 2373 945 2424 putas
964 2383 1050 2411 non
1070 2382 1191 2424 posse
1210 2364 1363 2409 doceri.

305 2432 491 2476 Difficile
510 2439 576 2476 est
594 2433 749 2476 durum
771 2433 941 2489 (credo)
959 2433 1111 2477 docere
1128 2446 1302 2476 senem:

254 2497 340 2543 Sed
358 2498 516 2542 teneris
534 2498 668 2550 annis,
689 2513 767 2542 ceu
789 2498 927 2542 mollis
946 2514 1054 2551 cera,
1075 2499 1256 2557 figuram

311 2563 559 2619 Quamlibet
577 2564 768 2622 accipiet,
789 2564 846 2608 sit
863 2566 975 2608 bona
993 2566 1103 2610 sitve
1122 2565 1246 2608 mala.
1528 2564 1639 2605 1830

256 2630 441 2676 Stultior
458 2644 550 2674 esse
567 2637 711 2687 potest
729 2631 970 2687 quisquam,
990 2646 1121 2687 quam
1141 2631 1217 2687 qui
1236 2629 1469 2687 sapientem

310 2696 373 2739 Et
390 2695 563 2740 doctum
581 2696 751 2754 egregie
770 2712 815 2740 se
834 2704 961 2754 putat
979 2713 1083 2748 esse,
1103 2713 1182 2741 nec
1201 2697 1299 2740 est?

256 2765 343 2807 Soc.
373 2761 552 2807 Certum
573 2769 650 2805 est.
712 2761 930 2806 Stultitias
949 2763 994 2806 in
1014 2778 1105 2807 sese
1124 2762 1310 2820 possidet
1329 2775 1487 2811 omnes,

732 2893 746 2916 ¹
770 2894 879 2942 [Vide
893 2893 1159 2939 Gmssnwm]
