1982 3204
51 424 135 466 190

0 1060 137 1125 '200

0 1737 6 1809 j
50 1752 139 1793 210

55 2416 141 2456 220

509 249 580 282 nn
618 247 989 282 mmmmsus
1030 249 1202 283 Psscct.
1451 242 1540 286 331

164 356 496 414 Laudamusque
516 364 625 409 tuas,
644 365 800 401 aeterne
821 356 1063 407 Geometer,
1084 364 1206 400 artes.

166 422 393 469 Cernimus
412 431 457 467 et
475 424 606 467 denso
625 424 804 467 colatam
824 423 982 466 fornice
1001 422 1219 479 lympham

165 487 383 534 Guttatim
403 490 526 541 elabi,
547 499 592 534 et
610 490 743 534 solida
762 490 913 533 tellure
939 497 1151 546 receptam

163 555 429 612 AEquoream
451 557 494 599 in
516 557 695 614 patriam
715 556 898 600 reditum
912 557 1002 613 jam
1023 570 1138 598 nunc
1158 555 1378 607 meditari;

162 621 267 665 Jam
285 638 399 666 nunc
419 623 587 680 exiguis
607 638 830 680 properare
850 622 1079 673 canalibus,
1100 621 1234 665 undas
1456 636 1528 674 4...

166 687 439 743 Quaerentem
459 690 604 740 socias,
625 697 671 732 et
690 690 843 732 fortius
861 689 923 732 ire
943 695 1174 746 parantem.

163 754 354 812 Jamque
373 771 528 806 amnes,
549 756 651 813 ipsis
671 756 816 799 videor
833 755 1027 798 didicisse
1042 754 1268 812 magistris,

165 819 270 863 Non
289 821 381 864 fieri
401 821 557 864 salsum
577 830 690 864 terra
709 828 883 878 potante
909 821 1117 877 liquorem

163 884 338 931 Littera
355 886 409 930 ad
428 887 519 944 ipsa
537 887 677 937 maris,
700 886 822 942 quasi
841 886 962 929 celsis
982 886 1197 929 montibus
1217 886 1307 943 ipse

164 950 332 997 Celsior
351 952 548 997 Oceanus
568 953 808 996 conclusam
828 952 1059 1009 expelleret
1085 952 1265 1003 undam3

168 1017 254 1063 Sed
272 1034 387 1062 mare
406 1018 604 1062 Phoebaea
623 1026 848 1062 tenuatum
868 1033 1039 1076 surgere
1059 1018 1229 1062 flamma

166 1083 223 1127 In
241 1084 393 1128 coelum
410 1103 423 1134 ;
446 1091 676 1141 actumque
696 1084 854 1128 AEoliis
873 1099 1012 1128 errare
1032 1084 1237 1128 ministris
1253 1103 1266 1136 ;

166 1150 277 1195 Mox
296 1150 459 1195 Phoebo
477 1151 651 1195 fallente
670 1151 829 1209 algens,
849 1158 1026 1207 totaque
1044 1158 1215 1208 recepta

166 1216 349 1269 Natura,
370 1217 416 1260 in
435 1225 569 1261 terras
587 1218 692 1261 fietu
711 1218 963 1261 descendere
979 1233 990 1268 3
1021 1224 1067 1260 et
1085 1232 1175 1260 esse

166 1282 371 1327 Flumina
389 1284 585 1328 collectas
604 1284 853 1341 lachrymas.
914 1283 1065 1326 Placet
1090 1283 1175 1327 ima
1194 1299 1384 1328 cavernae

169 1349 394 1394 Umbrosae
413 1350 533 1394 illata
550 1351 783 1408 penetralia
803 1351 938 1394 visere
957 1350 1064 1393 luce.

169 1416 408 1461 Descensos
426 1419 481 1461 ab
500 1418 622 1474 equis
641 1418 753 1461 antri
774 1417 1026 1474 virguncula
1045 1416 1149 1460 civis

169 1483 395 1535 Praecedit,
416 1485 599 1527 formosa
618 1484 733 1535 satis,
753 1484 1018 1538 nimiumque
1038 1482 1202 1539 puella3

170 1549 346 1607 Datque
365 1550 540 1601 animos,
559 1565 813 1608 gressusque
833 1549 944 1607 regit
956 1548 1148 1605 jucunda
1167 1547 1409 1592 Celeustis'.

170 1615 450 1673 Primumque
470 1617 669 1674 ingressis
688 1616 883 1660 confuso²
902 1614 1062 1657 lumine
1081 1614 1237 1657 sensim

170 1682 402 1733 Accedunt
419 1690 564 1726 cautes
583 1684 800 1739 utrinque,
821 1682 1019 1737 diemque
1038 1680 1227 1724 recurvis

169 1748 449 1807 Extinguunt
468 1750 644 1793 sinubus
660 1765 671 1800 ;
702 1758 796 1792 tum
815 1747 1086 1791 demittentis.
1105 1761 1196 1790 sese

170 1814 311 1859 Arcto
330 1815 642 1873 quadrupedes³
661 1815 894 1858 admittunt
913 1813 1073 1857 fornice
1092 1828 1204 1856 saxa.

169 1880 328 1925 Erecto
346 1897 528 1933 rursum,
549 1897 717 1924 rursum
737 1897 837 1924 mox
856 1895 1030 1937 corpore
1050 1894 1183 1936 prono

170 1947 409 2006 Pergimus,
430 1949 594 1992 alterna
612 1947 795 2005 pecudes
814 1946 1090 2001 hominesque
1108 1945 1257 2002 figura.

142 2029 147 2038 ·
169 2013 322 2058 Donec
340 2021 580 2058 transverso
600 2013 771 2056 tandem
791 2012 1064 2070 prohibemur
1082 2013 1136 2054 ab
1155 2026 1302 2054 amne:

172 2080 376 2131 Amnem,
397 2095 524 2136 quem
544 2080 734 2124 clausum
754 2079 840 2123 fert
859 2080 938 2122 sub
958 2078 1110 2122 tellure
1129 2077 1287 2121 canalis

142 2177 148 2187 .
171 2145 408 2196 Hactenus,
429 2146 500 2189 hic
517 2146 669 2188 humili
687 2146 850 2203 patitur
868 2145 1028 2202 spirare
1047 2145 1127 2187 sub
1146 2159 1272 2194 arcu3

170 2212 365 2269 Exitque
385 2212 600 2256 interdum
620 2228 706 2255 non
726 2211 1012 2255 irrevocabilis
1031 2210 1158 2261 unda,

172 2277 305 2323 Nunc
323 2279 607 2336 speculatores
627 2279 812 2336 propius,
834 2293 948 2322 nunc
967 2277 1136 2335 longius
1156 2292 1315 2320 arcens.

173 2344 277 2389 Huc
294 2345 417 2389 nobis
434 2363 447 2395 ;
479 2345 594 2389 ultra
613 2345 719 2388 nulli
740 2346 840 2389 licet
859 2345 932 2388 ire.
993 2343 1091 2387 Nec
1109 2350 1176 2387 est
1195 2343 1260 2386 fas

174 2410 358 2456 Credere
377 2411 567 2454 narranti
586 2412 742 2455 vetulae
761 2411 814 2455 de
833 2411 984 2469 patre⁴,
1005 2410 1115 2468 quod
1130 2410 1229 2453 olim

174 2476 435 2532 Lyctum-mm
453 2478 654 2534 inyressus
673 2478 818 2521 librali
825 2479 958 2534 fasce,
969 2479 1163 2533 fluentem

179 2542 294 2585 Tunc
310 2542 531 2585 modi0um⁵
548 2548 748 2595 tranavit,
767 2551 805 2587 ot
824 2544 1024 2587 ulteriora
1042 2549 1228 2600 sequutus

221 2750 231 2772 ¹
251 2749 330 2785 Vox
345 2749 488 2784 mutim
503 2747 680 2784 hortatrix.
937 2745 950 2764 ⁴
967 2746 1104 2782 Vetula
1121 2744 1269 2781 ridicula
1284 2744 1443 2779 narratio.

220 2805 235 2825 ¹
251 2804 360 2840 msto
374 2814 418 2838 ex
432 2802 563 2838 coelesti
574 2809 611 2838 et
625 2803 781 2850 lychnea.
934 2801 948 2819 ⁸
965 2801 1120 2836 Pacilius
1144 2800 1295 2836 tranavit
1310 2799 1394 2845 quia
1417 2798 1560 2833 minime

220 2858 234 2877 ’
251 2859 336 2902 Nos,
356 2869 445 2906 pene
468 2862 662 2904 prostratos.
888 2857 1023 2893 altum!
1074 2854 1296 2891 Ridiculum.
