1982 3204
544 563 770 611 PR1MAE
800 562 1036 606 PARTIS

213 679 562 725 DOCTRINAE
594 679 1039 725 WALLISIANAE
1069 679 1155 723 DE
1187 679 1371 724 MOTU

438 788 796 839 CENSURA
847 789 942 838 BR
958 788 1145 840 EVIS.

102 1000 276 1052 QUEM
299 1000 471 1050 misisti
493 1000 615 1048 mihi
647 1000 885 1048 Johannis
914 1000 1121 1050 Wallisii
1155 1000 1371 1049 libellum
1407 999 1487 1048 De

101 1074 247 1126 Motu
268 1076 455 1140 perlegi
479 1075 757 1140 diligenter.
827 1076 1061 1125 Continet
1083 1084 1247 1124 autem
1281 1077 1487 1140 primam

99 1159 307 1216 partem,
331 1167 506 1216 nempe
532 1151 809 1199 doctrinam
833 1151 895 1200 de
917 1151 1094 1200 Libra.
1164 1151 1382 1216 Reliquae
1406 1168 1490 1199 ex-

99 1234 375 1291 pectantur.
445 1227 637 1276 Quaeris
660 1227 778 1291 quid
800 1243 1024 1275 censeam
1048 1228 1109 1276 de
1131 1228 1304 1291 prima.
1374 1227 1489 1275 Non

100 1301 281 1367 placet.
351 1302 477 1352 Quae
500 1302 634 1350 clara
654 1310 784 1362 sunt,
808 1303 1045 1360 obscura;
1081 1303 1292 1352 obscura
1314 1303 1489 1351 obscu-

99 1377 232 1427 riora
245 1377 379 1426 facit.

166 1453 405 1502 Methodo
429 1452 625 1518 quidem
647 1460 785 1501 recta
813 1453 985 1513 utitur,
1008 1454 1280 1518 procedens
1309 1470 1340 1502 a
1370 1453 1490 1502 defi-

101 1528 388 1588 nitionibuS,
410 1529 498 1578 sed
523 1529 741 1578 vitiosis:
777 1538 828 1578 et
860 1546 1067 1593 quarum
1102 1530 1275 1594 aliquae
1306 1529 1369 1578 ad
1405 1528 1489 1577 de-

101 1605 507 1654 monstrationem
541 1605 725 1654 nullam
763 1604 984 1652 adhiberi
1023 1613 1245 1669 possunt,
1271 1603 1404 1668 quod
1438 1612 1490 1652 et

100 1680 263 1744 ipsum
283 1680 512 1729 vitiosum
534 1687 623 1728 est.
694 1680 856 1744 Hujus
878 1681 1071 1744 generis
1094 1687 1170 1728 est
1191 1680 1351 1744 prima
1382 1680 1491 1728 haec

99 1755 407 1805 mechanicae.

620 1871 916 1905 DEFINITIO
943 1871 981 1904 1.

288 1956 584 2006 Mechanica
607 1963 684 2005 eet
703 1957 984 2022 geometria
1017 1956 1079 2005 de
1095 1962 1238 2005 motu.

170 2048 304 2099 Quid
325 2049 442 2097 hinc
465 2048 634 2097 inferri
664 2056 829 2113 potest
852 2049 985 2114 quod
1007 2049 1252 2098 conducat
1283 2047 1347 2096 ad
1378 2047 1493 2096 doc·
1536 2065 1744 2092 munuum

100 2123 282 2173 trinam
304 2124 368 2173 de
391 2124 548 2173 Libra
564 2127 594 2173 ἓ
641 2124 966 2188 Etymologia,
984 2133 1059 2172 ἀπὸ
1077 2137 1140 2180 τῆς
1157 2136 1495 2188 μηχανῆςμῃιοτ-
1547 2166 1553 2175 ,
1628 2120 1655 2147 ¹·
1727 2164 1735 2174 .

102 2215 212 2249 snm
254 2199 470 2250 attinet?
553 2200 667 2249 Quo
714 2200 921 2248 authore
974 2199 1262 2263 geometra?
1349 2203 1379 2225 “
1397 2199 1496 2247 Sed

102 2274 283 2340 quid”,
326 2274 532 2340 inquieS,
583 2279 614 2301 “
629 2276 811 2324 accidit
854 2275 1166 2333 incommodi,
1208 2275 1249 2323 si
1288 2274 1494 2323 doceare

103 2350 265 2415 obiter
285 2351 656 2416 grammaticam
672 2351 721 2398 ?''
789 2351 858 2399 At
881 2351 933 2399 in
963 2351 1058 2399 hac
1079 2366 1271 2415 quoque
1300 2350 1493 2414 ineptit,

103 2425 385 2475 mechanica
424 2426 591 2475 dicens
636 2426 688 2475 in
726 2425 997 2491 singulari,
1035 2431 1086 2474 et
1127 2425 1408 2474 mechanica
1444 2425 1496 2472 in

94 2498 309 2565 plurali,
332 2507 386 2549 ut
407 2507 458 2549 et
481 2500 650 2567 logica
683 2500 735 2549 in
756 2500 1026 2566 singulari,
1050 2507 1101 2549 et
1122 2500 1289 2566 logica
1312 2500 1362 2548 in
1376 2500 1496 2565 plu·

104 2575 212 2624 ruli
216 2575 438 2642 perinde
459 2593 569 2625 esse
582 2595 602 2625 .·
635 2593 748 2625 cum
770 2576 1076 2624 notissimum
1107 2576 1171 2624 sit
1200 2576 1265 2624 ad
1299 2576 1494 2623 mecha-

105 2649 269 2700 nicam
284 2659 337 2700 et
352 2651 561 2716 logicam
581 2652 632 2700 in
656 2651 890 2715 singulari
914 2651 1206 2699 subaudire*
1221 2659 1406 2706 artem;
1431 2650 1495 2698 ad

105 2725 389 2776 mechanica
410 2735 461 2776 et
493 2727 653 2792 logica
682 2728 734 2776 in
767 2726 944 2791 plurali
974 2725 1183 2790 intelligi
1207 2742 1371 2790 opera,
1391 2733 1494 2774 stu-

106 2798 204 2859 dia,
226 2801 565 2862 instrumenta,
587 2802 667 2851 vel
689 2802 873 2866 aliquid
892 2802 1064 2850 simile.

609 2927 631 2949 ⁶
663 2926 728 2966 Sic
746 2926 839 2964 edit.
867 2926 981 2964 1671.

1274 2993 1305 3026 Ε
1323 2993 1342 3021 2
