1982 3204
448 273 520 307 An
547 256 801 307 canusii
828 271 1267 307 ΜΕῡιτΑτιοΝΕε.
1451 266 1547 309 269

164 391 287 444 tum,
310 401 470 449 neque
506 401 628 450 opus
662 401 766 433 esse
797 384 1029 433 facultate
1059 384 1219 448 aliqua
1250 386 1459 448 positiva
1487 387 1550 435 ad
1595 403 1790 430 enmono

164 460 522 525 ignorandum:
558 461 642 509 sed
677 460 737 508 de
772 476 935 509 errore
970 476 1070 508 non
1101 468 1175 507 est
1206 461 1276 508 ita
1299 477 1376 508 res
1401 462 1549 509 mani-

163 535 303 585 festa.
372 537 612 585 Videntur
645 537 775 584 enim
807 536 991 599 lapides
1014 543 1063 583 et
1091 535 1359 584 inanimata
1387 552 1549 584 errare

164 626 266 660 non
298 627 453 675 posse,
485 618 685 675 propter
717 610 811 658 hoc
843 610 1015 668 solum,
1039 609 1171 673 quod
1206 626 1304 657 non
1338 610 1551 668 habeam

164 686 450 736 facultatem
487 686 828 742 ratiocinandi,
861 701 1018 749 neque
1047 685 1363 748 imaginandi.
1433 686 1551 734 Pro-

166 762 281 812 inde
303 778 512 827 pronum
536 770 611 809 est
636 761 881 824 colligere,
906 760 1038 824 quod
1061 760 1124 808 ad
1142 760 1404 808 errandum
1429 777 1551 824 opus

164 838 230 887 sit
262 838 495 887 facultate
530 836 873 894 ratiocinandi,
898 836 974 883 vel
1010 836 1181 883 saltem
1218 835 1549 898 imaginandi:

165 928 275 976 quae
291 912 547 961 facultates
565 919 677 960 sunt
696 912 851 959 ambae
870 911 1091 975 positivae
1109 911 1306 959 tributae
1323 912 1550 959 omnibus

165 996 218 1037 et
240 988 355 1037 solis
378 987 671 1035 errantibus.

231 1063 473 1112 Praeterea
509 1062 569 1110 D.
593 1062 650 1110 C.
676 1061 795 1110 dicit
828 1061 918 1110 sic:
957 1061 1161 1109 adverte
1198 1059 1328 1129 illo-5⁸3
1366 1060 1552 1109 scilicet

164 1153 299 1187 meos
316 1152 521 1195 errores,
543 1153 574 1184 a
596 1136 788 1184 duabus
804 1136 968 1184 causi-s·
986 1136 1135 1184 simul
1156 1135 1552 1184 concurrentibus

164 1211 455 1278 dependere,
479 1228 652 1276 nempe
676 1228 707 1259 a
713 1210 980 1275 facultate
1011 1211 1340 1277 cognoscendi
1370 1228 1476 1276 quoe
1501 1211 1551 1258 in

163 1304 240 1336 me
268 1293 361 1346 est,
402 1293 452 1335 et
492 1303 524 1334 a
540 1286 805 1349 facultate
840 1286 1073 1352 eligendi,
1108 1286 1308 1335 sive‘ab
1349 1285 1553 1334 arbitrii

164 1360 417 1411 libertate.
478 1361 626 1410 Quod
644 1360 839 1409 videtur
861 1362 1251 1424 praecedentibus
1275 1361 1569 1410 contradic-2

163 1437 361 1486 torium.
431 1437 527 1485 Ubi
552 1436 824 1485 notandum
845 1453 1038 1500 quoque
1062 1437 1250 1485 arbitrii
1273 1437 1552 1485 libertatem

164 1512 346 1561 assumi
370 1512 472 1560 sine
495 1512 798 1576 probatione,
818 1521 993 1561 contra
1016 1513 1295 1576 opinionem
1314 1512 1552 1561 Calvinis-

164 1595 342 1637 tarum.

693 1718 1025 1752 RESPONslo.

231 1804 337 1853 Etsi
361 1803 424 1852 ad
442 1804 704 1852 errandum
729 1821 851 1868 opus
875 1805 937 1853 sit
959 1804 1192 1853 facultate
1211 1805 1551 1864 ratiocinandi,

164 1879 244 1929 vel
261 1881 423 1944 potius
435 1880 705 1944 judicandi,
717 1881 815 1928 sive
834 1880 1106 1928 affirmandi
1125 1889 1174 1929 et
1191 1881 1418 1945 negandi,
1438 1882 1553 1945 quia

165 1971 341 2019 nempe
373 1964 447 2004 est
465 1957 584 2019 'ejus
621 1956 872 2004 defectus:
908 1972 1007 2004 non
1035 1956 1145 2004 ideo
1177 1957 1397 2020 sequitur
1419 1956 1551 2004 hunc

166 2030 412 2080 defectum
453 2046 559 2078 esse
599 2031 795 2089 realem,
837 2038 894 2078 ut
933 2047 1090 2094 neque
1132 2032 1404 2080 caecitatem
1445 2047 1551 2080 esse

165 2105 362 2161 realem,
386 2106 604 2169 quamvis
628 2105 812 2170 lapides
835 2121 935 2153 non
960 2106 1184 2154 dicantur
1209 2107 1327 2155 caeci
1349 2116 1552 2171 propter

165 2179 260 2229 hoc
283 2181 456 2239 solum,
481 2180 613 2244 quod
636 2197 735 2228 non
760 2181 858 2228 sint
881 2181 1011 2228 visus
1034 2197 1250 2244 capaces.
1296 2182 1549 2246 Mirorque

165 2271 245 2305 me
266 2256 451 2305 nullam
476 2257 710 2304 hactenus
733 2264 917 2304 rectam
941 2256 1210 2304 illationem
1228 2257 1279 2304 in
1297 2257 1372 2305 his
1391 2258 1548 2321 objec-

168 2331 385 2380 tionibus
419 2331 675 2380 invenisse.
744 2331 882 2380 Nihil
917 2339 1083 2380 autem
1117 2332 1177 2380 de
1211 2332 1435 2381 libertate
1469 2333 1550 2381 hic

165 2407 403 2471 assumpsi
425 2406 520 2455 nisi
543 2406 676 2470 quod
699 2423 866 2455 omnes
891 2407 1167 2470 experimur
1197 2407 1247 2455 in
1273 2408 1427 2467 nobis,
1452 2417 1550 2456 est-

166 2496 261 2545 que
276 2481 459 2530 lumine
476 2482 686 2530 naturali
700 2482 1031 2530 notissimum:
1056 2497 1147 2530 nec
1165 2482 1385 2546 intelligo
1406 2499 1550 2546 quam

167 2556 232 2604 ob
277 2571 473 2605 causam
519 2557 905 2621 praecedentibus
958 2557 1391 2606 contradictorium
1444 2574 1550 2606 esse

166 2630 376 2679 dicatur.

233 2705 339 2754 Etsi
356 2721 473 2754 vero
497 2706 623 2755 forte
641 2706 783 2755 multi
800 2707 895 2755 sint
921 2707 1021 2771 qui,
1042 2723 1150 2755 cum
1170 2706 1233 2755 ad
1256 2707 1549 2770 praeordina·

167 2780 351 2829 tionem
365 2780 458 2828 Dei
476 2780 758 2844 respiciunt,
779 2796 954 2845 capere
968 2797 1065 2830 non
1085 2789 1290 2844 possunt
1304 2781 1550 2846 quomodo

169 2871 280 2904 cum
318 2856 425 2919 ipsa
462 2855 699 2904 consistat
738 2865 906 2905 nostra
940 2856 1157 2914 liberm,
1188 2873 1331 2905 nemo
1367 2864 1548 2913 tamen,

1664 458 1735 483 xu-

1604 503 1793 525 bq——ae
