1982 3204
343 255 439 298 356
909 265 1176 299 HISTORIA

343 374 478 431 Copia
498 375 722 431 scripturae
743 374 794 418 fit
811 392 820 417 t
854 375 1108 432 respondere
1123 376 1302 430 jubetur

401 441 490 495 Qui
512 447 642 492 tenet,
667 447 711 484 et
731 456 897 484 causam
918 441 1133 484 verificare
1154 457 1285 483 suam.
1651 444 1736 484 250

343 507 458 550 Tum
479 507 636 564 scripto
656 523 801 550 rursus
821 508 978 564 petitor
998 507 1236 563 respondet,
1259 513 1303 550 et
1322 507 1393 550 ille

401 574 491 628 Qui
515 580 635 617 tenet
656 574 756 617 huic
776 574 946 617 iterum.
1005 574 1205 629 Denique
1226 580 1292 616 ter
1311 574 1362 615 fit
1381 573 1504 616 idem.

343 641 410 684 Sc.
442 640 521 682 Nil
541 641 664 683 video
684 640 753 683 hic
773 640 929 697 magni,
951 655 1030 683 nec
1050 655 1203 696 magna
1221 639 1346 682 laude
1366 639 1600 683 ferendum.

401 706 455 748 In
477 722 561 762 qua
581 713 700 763 parte
721 707 833 749 orbis
854 722 940 749 non
961 706 1170 762 reperitur
1190 706 1335 748 idem?

342 774 422 815 Pr.
457 773 541 815 Sed
560 788 700 828 neque
720 773 850 815 miror
866 788 955 829 ego.
1018 773 1176 815 Fertur
1197 772 1421 815 sententia.
1480 771 1623 815 Nemo

402 838 676 894 Obloquitur.
739 838 904 882 Praeses
919 839 1098 895 judicat,
1121 846 1165 881 at
1185 839 1352 881 tacitus.

342 905 544 961 Namque
559 912 610 947 ut
622 920 866 948 concessum
880 912 956 956 est,
966 905 1169 961 scriptum
1183 905 1305 947 effert
1313 905 1479 947 Praeses
1492 911 1736 960 utrumque,

402 972 592 1015 Oollocat
612 972 656 1013 in
677 987 877 1022 mensam,
901 978 1068 1028 separat
1088 978 1217 1026 atque
1237 987 1378 1013 manu.

345 1037 602 1081 Detractum
623 1038 776 1080 collare
797 1053 962 1080 sacrum
983 1037 1139 1094 scripto
1160 1037 1356 1080 admovet
1375 1037 1475 1080 uni:

400 1104 461 1146 Et
481 1111 621 1147 certus
641 1103 728 1146 litis
749 1104 955 1146 terminus
974 1104 1046 1146 ille
1066 1103 1164 1146 fuit.
1653 1106 1739 1145 260

344 1171 377 1215 J
380 1171 570 1214 ustitiam
591 1171 765 1213 tacitam
786 1171 875 1213 sine
895 1177 1147 1227 tempestate
1168 1170 1325 1213 forensi

401 1237 557 1281 Miror:
592 1252 720 1292 quam
740 1252 961 1292 nunquam
981 1237 1045 1279 vis
1064 1237 1200 1280 aliena
1219 1244 1373 1279 movet.

343 1304 410 1346 So.
443 1303 541 1346 Hoc
560 1310 692 1346 recte:
726 1303 798 1345 sed
818 1310 963 1346 utrum
982 1303 1185 1360 legissent
1205 1303 1361 1359 scripta
1379 1302 1626 1358 priusquam

405 1368 572 1413 Collare
593 1369 832 1425 appositum
853 1375 931 1420 est,
952 1384 1123 1412 noscere
1143 1369 1312 1411 difficile
1333 1375 1409 1411 est.

343 1435 526 1479 Parcere
547 1435 660 1478 enim
681 1442 802 1478 tanto
823 1450 899 1478 cur
918 1451 1004 1478 non
1024 1442 1200 1492 potuere
1220 1434 1367 1486 labori,

403 1501 516 1546 Cum
536 1501 598 1543 nil
618 1501 797 1544 referret
817 1517 913 1558 pars
933 1508 1032 1544 utra
1045 1502 1164 1558 justa
1185 1501 1294 1544 fuit?

343 1567 426 1610 Pr.
458 1567 585 1609 Tune
605 1567 666 1609 ita
685 1566 938 1610 inhumanos
958 1567 1137 1624 potuisti
1157 1567 1326 1610 credere
1350 1566 1481 1610 lectos

405 1632 618 1689 Spectatae
639 1633 751 1683 fidei,
774 1633 1094 1690 praecipuosque
1115 1633 1258 1676 viros?

344 1700 407 1742 Se.
441 1699 544 1742 Non
566 1714 645 1756 ego
665 1699 919 1742 inhumanos
939 1699 1129 1742 homines
1150 1699 1256 1750 dico,
1279 1698 1351 1742 sed
1371 1699 1555 1755 iniquos.

403 1765 470 1809 Ut
490 1765 594 1821 quid
616 1765 771 1820 cuique
791 1766 910 1817 libet,
933 1766 992 1809 sic
1014 1781 1186 1822 quoque
1207 1766 1390 1822 quisque
1411 1766 1527 1809 facit.
1656 1766 1742 1809 270

347 1832 430 1875 Sed
452 1832 553 1887 quia
572 1847 660 1874 non
679 1832 864 1874 multum
884 1832 1016 1875 refert
1035 1832 1205 1888 aequine
1226 1848 1280 1874 an
1300 1832 1438 1887 iniqui

404 1898 468 1940 Hi
490 1898 664 1948 fuerint,
686 1897 848 1940 fuerint
868 1905 919 1940 ut
940 1898 1020 1941 sibi
1040 1914 1210 1954 cunque
1229 1899 1379 1955 placet.

348 1963 434 2008 Sed
454 1964 535 2015 dic,
557 1963 806 2021 AEgyptum
827 1979 916 2007 mos
942 1965 1012 2008 hic
1033 1965 1206 2008 venitne
1226 1967 1279 2008 ab
1301 1964 1510 2015 Hebraeis,

404 2031 482 2074 An
503 2031 681 2074 contra?
713 2061 716 2064 -
742 2030 956 2084 Quoniam
977 2047 1053 2088 par
1072 2032 1157 2075 fuit
1175 2032 1254 2083 his,
1276 2039 1320 2075 et
1339 2032 1410 2075 eis.

345 2098 426 2140 Pr.
459 2097 632 2140 Nescio.
665 2096 734 2139 At
753 2097 1006 2140 alterutrum
1028 2098 1064 2141 si
1083 2098 1193 2141 forte
1213 2113 1381 2142 necesse
1401 2104 1608 2155 putarem,

404 2163 593 2220 AEgypti
613 2163 745 2205 dixim
767 2179 857 2206 mos
878 2164 964 2206 fuit
982 2164 1053 2207 ille
1074 2164 1202 2220 prius.

346 2230 409 2273 Et
428 2230 617 2272 maribus
637 2229 778 2285 pueris
798 2230 1009 2286 praeputia
1030 2230 1220 2274 scindere
1240 2230 1412 2280 circum,

405 2295 582 2338 Author
602 2294 811 2345 Niliacus,
833 2310 918 2338 non
941 2295 1217 2338 Abrahamus
1237 2302 1340 2338 erat.

348 2361 413 2404 Se.
445 2360 669 2403 Verumne
690 2367 756 2402 est
775 2375 889 2417 ergo,
913 2361 1028 2415 quod
1048 2376 1187 2403 rerum
1211 2361 1298 2403 sola
1317 2375 1523 2404 novarum

405 2426 494 2483 (Ut
515 2426 644 2483 vulgo
665 2426 834 2481 dicunt)
857 2426 1011 2469 Africa
1031 2434 1167 2470 mater
1187 2428 1312 2470 erat?
1658 2429 1743 2469 280

348 2494 429 2536 Pr.
462 2493 630 2536 Deinde
651 2493 915 2536 sacerdotum
938 2508 1139 2536 numerus
1159 2508 1256 2536 cum
1277 2508 1462 2536 crescere
1483 2493 1626 2550 coepit,

406 2559 734 2614 Doctorumque
755 2558 840 2601 fuit
863 2560 990 2601 turba
1011 2559 1188 2602 molesta
1208 2559 1301 2611 sibi,

349 2625 450 2668 Ibat
470 2626 514 2668 in
536 2624 760 2682 Assyriam
784 2641 879 2682 pars
900 2641 1053 2683 magna
1073 2633 1234 2669 vocata.
1298 2626 1466 2670 Sciendi

410 2691 576 2735 Sortem
597 2698 819 2735 venturam
842 2699 962 2734 tanta
980 2692 1111 2735 libido
1131 2692 1227 2735 fuit.

353 2758 436 2801 His
457 2758 613 2800 multas
633 2758 760 2801 urbes
781 2765 998 2814 terrasque
1019 2759 1171 2802 dedere
1187 2759 1383 2803 colendas

412 2824 587 2882 Assyrii.
650 2823 766 2868 Cura
785 2824 850 2867 his
871 2824 1104 2882 relligionis
1124 2832 1227 2876 erat,
