1982 3204
587 304 844 341 cssNsnnA
871 304 1092 338 nunvrs.
1475 289 1539 342 77

146 417 364 484 pondere
386 417 536 482 duplo
560 417 768 466 cadente
790 416 852 464 ab
876 414 1048 464 eadem
1080 412 1339 462 altitudine
1375 411 1540 475 adige-
1559 427 1671 455 mor.
1694 426 1810 453 xvm.

146 501 230 543 tur
252 493 303 542 in
327 493 533 541 eandem
556 500 735 541 terram
761 490 838 539 vel
868 505 1037 554 parem
1061 489 1125 537 ad
1158 487 1542 551 profunditatem
1605 482 1689 515 ¹¹⁸⁹
1712 481 1787 536 ¹¹1

146 568 329 633 pedum
375 568 600 617 duorum.
669 567 863 615 Falsum
910 573 1077 613 tamen
1122 571 1211 611 est.
1284 563 1412 610 Nam
1451 575 1543 626 pro

148 645 339 693 ratione
363 644 627 693 celeritatis
650 642 882 707 ponderis
905 639 1038 704 quod
1060 639 1226 703 palum
1251 638 1382 696 ferit,
1401 654 1545 701 auge-

147 720 284 769 bitur
306 719 709 784 impedimentum
731 733 762 765 a
784 717 1043 765 resistente
1066 722 1214 763 terra.
1285 713 1372 762 Sin
1397 713 1545 771 dicat,

150 795 480 860 objectionem
522 794 649 842 hanc
679 808 740 840 ex
771 807 831 840 eo
854 790 976 849 tolli,
1002 789 1135 854 quod
1166 796 1344 838 caetera
1367 804 1547 852 suppo-

151 869 252 918 suit
270 869 422 934 paria,
446 868 753 918 contradicet
776 882 878 915 suae
902 866 1053 930 ipsius
1070 865 1217 929 hujus
1241 864 1415 928 capitis
1438 880 1549 931 prq-

150 944 384 1010 positioni
406 945 508 1003 xiii,
534 959 630 1007 qua
657 943 883 1000 affirmat,
907 957 1016 1005 quoe
1053 956 1118 988 ea·
1148 938 1395 988 mobilium
1423 955 1548 1002 pon-

152 1021 271 1070 dere
286 1019 533 1069 resultant
556 1026 713 1067 motus
738 1017 1099 1082 impedimenta,
1116 1015 1223 1063 suis
1240 1013 1550 1080 ponderibus

151 1102 267 1145 mt
282 1094 713 1161 proportionalia.
782 1093 967 1142 Eadem
990 1091 1263 1156 propositio
1288 1090 1352 1138 ad
1374 1090 1549 1137 libram

152 1171 397 1236 applicata
418 1187 535 1220 vera
559 1179 652 1229 est,
676 1169 763 1218 sed
785 1185 886 1217 non
909 1169 971 1216 ab
995 1184 1055 1216 eo
1079 1167 1430 1216 demonstrata.
1469 1165 1550 1212 Sic

152 1248 284 1296 enim
325 1247 519 1311 arguit:
566 1245 614 1294 si
638 1246 712 1293 vis
736 1251 791 1293 ut
807 1244 868 1303 V,
893 1249 1047 1291 movet
1078 1249 1134 1291 ut
1164 1242 1219 1291 M
1241 1260 1260 1297 ;
1296 1240 1372 1289 2V
1397 1256 1550 1288 move-

154 1322 274 1371 bunt
295 1329 351 1371 ut
373 1322 478 1371 2M.
571 1322 686 1370 Non
711 1320 843 1369 enim
866 1320 1101 1384 sequitur.
1181 1317 1310 1366 Nam
1335 1316 1375 1364 si
1399 1316 1471 1363 vis
1502 1315 1550 1362 vi

153 1397 538 1462 aequiponderat,
562 1404 739 1446 neutra
761 1404 941 1444 movet.
1013 1394 1112 1443 Sed
1143 1394 1225 1442 ille
1248 1399 1550 1441 momentum

153 1480 205 1522 et
227 1490 424 1522 movere
454 1489 544 1538 pro
568 1473 740 1522 eodem
776 1472 963 1530 habuit,
988 1486 1163 1534 nempe
1193 1469 1465 1534 potentiam
1502 1475 1551 1516 et

153 1557 337 1598 actum.
408 1550 574 1599 Quare
598 1550 746 1597 etiam
770 1547 1127 1612 propositiones
1151 1546 1235 1594 xix
1259 1553 1310 1594 et
1328 1561 1393 1593 xx
1416 1544 1550 1592 falsae

154 1633 287 1686 sunt,
310 1625 484 1675 saltem
506 1641 607 1674 non
630 1624 995 1683 demonstratae,
1019 1623 1071 1671 in
1093 1629 1232 1671 motu
1255 1621 1426 1670 libero.

614 1855 948 1891 PROPOSITIO
975 1855 1097 1889 xxl.

226 1957 287 2006 Si
307 1958 441 2006 vires
458 1965 508 2006 et
532 1964 758 2023 tempora
781 1957 884 2005 sint
900 1955 981 2005 vel
1000 1963 1214 2021 utraque
1230 1954 1461 2020 aequalia,
1480 1953 1559 2002 vel

158 2033 261 2081 sint
282 2033 539 2098 reciproce
552 2032 964 2099 proportionalia
978 2051 996 2081 .·
1032 2049 1138 2097 quoe
1161 2032 1275 2080 hinc
1308 2031 1555 2079 resultant

158 2115 412 2168 momenta,
436 2115 551 2157 sunt
574 2108 803 2173 oequalia.
885 2108 959 2156 Et
993 2114 1170 2156 contra
1186 2126 1204 2155 .·
1238 2107 1285 2154 si
1318 2113 1555 2154 momenta

158 2184 254 2233 illa
276 2191 391 2233 sunt
415 2184 641 2249 oequalia,
665 2185 796 2233 vires
836 2191 887 2233 et
923 2190 1150 2250 tempora
1180 2190 1292 2231 sunt
1314 2183 1394 2231 vel
1419 2189 1557 2230 utra·

158 2276 254 2325 que
275 2259 509 2325 oequalia,
533 2260 614 2309 vel
633 2260 813 2309 saltem
847 2260 1101 2324 reciproce
1129 2258 1555 2325 proportionalia.

227 2335 501 2399 Propositio
524 2336 645 2395 haec,
676 2336 866 2400 quoties
889 2336 1054 2399 agitur
1077 2335 1138 2383 de
1162 2343 1302 2383 motu
1323 2334 1556 2382 uniformi

159 2411 239 2460 vel
259 2410 571 2460 uniformiter
600 2411 888 2469 accelerato,
912 2411 996 2459 ubi
1027 2410 1254 2459 habenda
1290 2419 1364 2458 est
1395 2409 1557 2458 consi-

161 2485 352 2535 deratio
389 2495 683 2551 temporum,
723 2502 841 2535 vera
877 2485 1076 2550 quidem
1108 2495 1199 2545 est,
1238 2502 1298 2534 ex
1333 2501 1392 2533 eo
1425 2484 1556 2548 quod

162 2561 383 2626 ejusdem
407 2562 458 2610 in
482 2562 611 2611 idem
649 2561 779 2610 idem
797 2570 873 2610 est
890 2562 1111 2621 effectus,
1130 2561 1181 2609 id
1205 2569 1280 2609 est
1304 2560 1434 2609 idem
1459 2576 1556 2608 mo-

163 2645 400 2695 mentum,
424 2645 481 2687 ut
504 2638 667 2687 sciunt
690 2638 844 2703 pueri.
916 2637 1014 2686 Sed
1045 2638 1096 2685 in
1121 2636 1557 2700 ponderationibus

164 2719 217 2761 et
237 2712 290 2760 in
311 2714 722 2776 percussionibus,
746 2714 830 2761 ubi
854 2714 1055 2761 effectus
1082 2713 1140 2760 fit
1162 2712 1214 2760 in
1245 2712 1474 2769 instante,
1501 2719 1556 2758 ut

165 2787 399 2853 temporis
432 2788 812 2838 considerationi
837 2804 935 2837 non
958 2788 1022 2837 sit
1044 2787 1198 2848 locuS,
1230 2786 1442 2836 absurda
1465 2794 1553 2834 est.
