1982 3204
716 613 1093 664 PRAEFATIO.

146 863 228 912 Ex
269 878 366 928 quo
406 867 658 925 coeperunt
698 858 874 921 agitari
913 856 1258 906 controversiae
1301 855 1659 931 mathematicae

144 941 274 990 inter
299 939 604 989 Hobbesium
628 945 677 985 et
711 935 1004 993 Wallisium‚
1029 934 1178 998 elapsi
1215 940 1329 982 sunt
1352 932 1530 997 viginti
1557 934 1659 981 fere

144 1019 277 1068 anni.
347 1017 656 1066 Quaestiones
698 1021 862 1062 autem
903 1013 1034 1061 inter
1066 1013 1174 1060 illos
1215 1011 1475 1076 disputatae
1510 1011 1661 1059 totius

143 1095 422 1161 geometriae
453 1102 567 1142 sunt
590 1092 903 1150 difficillimae,
935 1100 986 1140 et
1017 1091 1225 1139 maxime
1249 1099 1502 1150 περιμάχητοι,
1527 1096 1577 1137 et
1600 1089 1661 1137 de

145 1189 350 1239 quarum
375 1171 791 1221 demonstratione
815 1170 938 1218 adeo
963 1170 1201 1218 hactenus
1236 1167 1548 1231 desperatum
1573 1175 1662 1226 est,

146 1259 203 1301 ut
226 1251 310 1316 qui
337 1250 482 1299 hodie
505 1250 650 1298 unius
674 1249 936 1312 cujuslibet
965 1248 1159 1296 illarum
1194 1246 1663 1294 demonstrationem

143 1330 387 1379 invenisse
406 1345 457 1377 se
475 1327 781 1393 praedicaret,
799 1342 889 1390 pro
909 1327 1080 1374 insano
1104 1334 1155 1373 et
1178 1324 1382 1372 ridicule
1401 1332 1663 1387 arrogante

143 1424 176 1457 a
213 1408 404 1457 caeteris
443 1405 805 1455 mathematicis
842 1404 1119 1452 haberetur.
1193 1402 1514 1450 Contentioni
1549 1401 1664 1450 huic

144 1487 450 1536 occasionem
464 1485 674 1550 praebuit
690 1483 929 1532 Hobbesii
943 1482 1067 1530 liber
1081 1481 1279 1545 quidam
1296 1496 1366 1528 DE
1390 1494 1664 1538 CORPORE,

145 1565 306 1614 editus
330 1565 530 1613 ineunte
553 1580 682 1612 anno
711 1562 911 1610 Domini
943 1561 1133 1610 1653*:
1170 1559 1254 1624 qui
1290 1559 1414 1607 liber
1444 1559 1664 1606 contine-

144 1643 245 1700 bat,
269 1642 398 1691 inter
425 1642 536 1700 alia,
559 1641 801 1705 principia
824 1639 1010 1702 aliquot
1032 1637 1337 1702 geometrica
1361 1653 1390 1684 a
1412 1635 1665 1700 principiis

143 1720 292 1769 hodie
314 1720 525 1784 receptis
565 1717 909 1782 discrepantia,
941 1724 992 1765 et
1014 1724 1252 1780 praeterea
1287 1714 1666 1762 demonstratio-

143 1814 274 1858 nem,
297 1806 354 1847 ut
376 1798 586 1847 vocabat
617 1797 712 1855 ille,
736 1795 1023 1860 aequalitatis
1054 1794 1184 1842 inter
1215 1793 1394 1841 lineam
1419 1792 1666 1856 quandam

145 1884 333 1926 rectam
356 1884 406 1924 et
430 1883 654 1939 quartam
676 1881 867 1937 partem
891 1871 1298 1920 circumferentiae
1323 1870 1508 1918 circuli.
1557 1869 1665 1917 Dis-

145 1954 319 2020 plicuit
363 1953 607 2018 plerisque
653 1950 1010 1999 mathematicis
1055 1949 1235 1997 fiducia
1267 1950 1373 1996 haec
1413 1947 1665 2006 Hobbesii,

145 2031 418 2097 praesertim
452 2030 737 2078 clarioribus
775 2036 825 2077 et
848 2028 1185 2076 Academicis:
1223 2042 1428 2090 quorum
1461 2025 1665 2073 fortasse

145 2109 369 2159 nonnulli
409 2108 633 2157 arbitrati
670 2115 785 2155 sunt
821 2106 1104 2154 difficillima
1141 2121 1347 2169 quaeque
1383 2103 1665 2168 geometriae

145 2188 448 2253 problemata
471 2187 561 2234 sibi
587 2185 702 2233 solis
737 2184 1030 2233 invenienda
1065 2183 1321 2232 reservari.
1391 2183 1565 2245 Itaque
1603 2180 1667 2228 ad

147 2264 460 2314 evertendam
502 2262 969 2311 demonstrationem
1006 2262 1154 2320 illam,
1193 2270 1243 2309 et
1282 2259 1518 2308 Hobbesii
1549 2275 1666 2322 geo-

147 2342 373 2391 metriam
397 2341 690 2397 universam,
723 2338 878 2387 edidit
912 2339 1094 2387 librum
1127 2339 1379 2387 Johannes
1402 2337 1665 2397 Wallisius,

147 2419 201 2469 in
226 2419 490 2469 Academia
512 2417 780 2467 Oxoniensi
811 2416 1062 2466 Professor
1097 2416 1391 2465 Geometriae
1425 2415 1665 2479 publicus,

148 2498 230 2547 cui
265 2497 438 2546 titulus
470 2507 576 2544 erat
617 2494 862 2542 Elenclzus
904 2494 1202 2543 Geometrioe
1239 2493 1530 2541 Hobbianoe.
1614 2497 1666 2536 Εκ

149 2582 254 2623 τοῦδε
269 2585 423 2636 ἄρχεται
442 2584 664 2633 ὁπόλεμοςε
706 2581 994 2637 gestumque
1039 2581 1113 2621 est
1153 2573 1334 2621 bellum
1379 2579 1668 2635 perpetuum

149 2651 281 2700 inter
310 2651 418 2700 illos
440 2651 544 2700 sine
568 2650 776 2699 induciis
809 2651 1177 2715 geometricum.
1247 2649 1382 2698 Nihil
1414 2649 1543 2696 enim
1567 2648 1668 2695 fere

151 2727 215 2776 ab
239 2727 393 2776 altero
424 2728 659 2792 scriptum
684 2735 774 2787 est,
799 2729 931 2791 quod
964 2728 1026 2776 ab
1051 2729 1207 2777 altero
1230 2743 1331 2776 non
1362 2735 1438 2775 est
1471 2725 1665 2790 publice

153 2814 506 2869 oppugnatum.

709 2963 730 2985 ’
754 2962 818 3000 Sic
854 2962 944 3000 edit.
971 2962 1083 3001 1672.
