1982 3204
465 296 713 337 Amouor
739 296 1115 334 Gnousrch.
1130 297 1246 331 nro.
1461 287 1551 332 159

162 408 359 474 quidem
379 407 639 456 methodus
658 424 755 472 qua
768 407 1128 471 suppositiones
1146 406 1552 456 commodissimae
1635 426 1726 453 en.
1741 427 1767 453 ι.

161 484 422 548 eligantur,
457 483 668 531 babetur
702 482 850 531 nulla.
920 482 1094 546 Itaque
1132 482 1319 530 circino
1351 483 1552 546 aliisque
1571 472 1797 548 mm

162 559 500 608 instrumentis
523 557 851 607 mensurando
870 557 1219 621 experiendum
1244 558 1552 605 tentandum·
1569 555 1795 593 PfinflPffl’e'ss

163 650 259 699 qne
300 642 390 692 est,
426 642 483 682 ut
520 650 666 697 quam
701 632 922 696 proxime
967 633 1209 696 possimus
1255 632 1318 680 ad
1365 633 1555 696 quaesiti

161 710 420 759 veritatem
443 708 676 757 accedere
700 707 996 756 mechanice.
1068 707 1292 770 Exempli
1317 723 1478 766 causa,
1503 708 1554 756 in

163 785 428 850 quaerenda
451 783 758 847 longitudine
781 782 994 831 ambitus
1016 783 1203 837 circuli,
1228 798 1341 830 cum
1372 782 1555 831 lumine

163 859 375 909 naturali
410 858 571 907 sciant
601 873 772 906 omnes
809 872 979 904 arcum
1017 857 1283 921 quemlibet
1319 858 1550 921 majore&

163 951 268 984 esse
291 950 380 983 sua
402 933 602 991 chorda,
626 933 768 981 facile
801 940 876 981 est
911 932 975 980 ad
998 949 1166 981 veram
1197 933 1555 996 longitudinem

162 1010 304 1060 valde
317 1025 471 1074 prope
486 1009 735 1057 accedere.
783 1009 947 1056 Labor
962 1009 1179 1073 reliquus
1194 1009 1318 1057 alius
1332 1025 1431 1057 non
1446 1010 1555 1068 erit,

165 1101 311 1151 qnam
328 1085 708 1149 propinquitatis
724 1092 879 1132 tantae
897 1100 1068 1133 causas
1086 1084 1342 1148 possibiles
1359 1086 1556 1149 excogi-

163 1170 288 1211 tare.
335 1160 483 1210 Quod
500 1161 542 1208 si
565 1160 812 1217 succedat,
832 1159 1127 1224 principium
1149 1160 1335 1208 habent
1358 1160 1556 1208 demon-

163 1235 429 1284 strationis.
498 1236 761 1284 Enimvero
785 1236 836 1283 in
865 1235 1026 1284 dubiis
1061 1236 1286 1284 omnibus
1309 1236 1373 1284 ad
1395 1237 1556 1284 varias

163 1311 521 1376 suppositiones
544 1327 574 1359 a
597 1320 775 1359 natura
796 1312 903 1374 ipsa
921 1311 1176 1375 cogimur:
1210 1320 1267 1359 ut
1290 1311 1456 1360 videre
1481 1320 1556 1360 est

163 1387 216 1436 in
246 1387 439 1435 servulo
470 1387 554 1435 illo
583 1387 897 1445 Terentiano,
933 1387 984 1435 in
1018 1387 1283 1450 quaerendo
1315 1396 1521 1451 argento
1542 1398 1570 1436 τ’

166 1462 306 1520 Quid
322 1462 371 1511 si
390 1462 480 1510 hoc
495 1462 570 1510 sic
587 1462 824 1527 incipiam
847 1465 1008 1510 nunc?
1054 1462 1204 1511 Nihil
1225 1469 1315 1512 est.
1366 1463 1426 1512 Si
1442 1463 1556 1512 sic?

170 1537 474 1586 Tantundem
505 1554 675 1603 egero.
746 1538 818 1586 At
849 1539 941 1595 sic,
966 1538 1159 1603 opinor.
1231 1539 1350 1588 Non
1364 1545 1554 1604 potest.

164 1611 286 1671 Iuno,
309 1613 508 1678 quinae.
566 1613 733 1678 Euge,
757 1622 851 1662 etc.
922 1613 1019 1662 Sed
1045 1623 1313 1678 geometrae
1336 1615 1557 1678 plerique

163 1688 286 1737 nihil
324 1704 458 1737 nunc
494 1697 721 1753 quaerunt
757 1697 1084 1753 praeterquam
1122 1706 1187 1738 an
1222 1690 1285 1739 sit
1314 1691 1553 1739 Euclidis:

164 1779 444 1828 quanquam
461 1764 769 1813 notissimum
786 1765 866 1823 sit,
885 1772 990 1814 tum
1009 1765 1314 1814 theoremata
1335 1766 1555 1814 omnium

163 1839 465 1888 nobilissima
477 1840 678 1888 inventa
700 1840 865 1896 fuisse,
887 1848 995 1888 tum
1017 1840 1226 1889 aedificia
1247 1842 1401 1889 totius
1425 1842 1555 1889 orbis

162 1914 494 1980 pulcherrima
513 1923 794 1964 constructa
826 1915 976 1964 fuisse
1010 1916 1166 1964 multo
1190 1925 1307 1964 ante
1339 1917 1555 1965 Euclidis

163 1998 403 2055 tempora.
472 1990 747 2040 Geometrae
782 1999 948 2039 autem
986 1991 1212 2040 hodierni
1246 1992 1349 2040 fere
1385 2008 1554 2041 omnes

162 2081 266 2116 non
279 2066 426 2116 modo
443 2067 660 2115 rationes
679 2068 1027 2130 quantitatum,
1045 2067 1132 2116 sed
1149 2067 1299 2116 etiam
1318 2076 1555 2124 motuum,

163 2141 217 2191 id
239 2151 316 2192 est
337 2143 602 2191 effectuum
626 2143 845 2190 omnium
869 2142 1168 2191 naturalium
1192 2159 1364 2192 causas
1383 2144 1434 2192 in
1459 2160 1557 2191 una

164 2217 387 2266 radicum
407 2217 735 2266 numeralium
759 2218 1078 2275 extractione,
1103 2227 1153 2266 et
1177 2235 1235 2267 ea
1257 2219 1396 2278 falsa,
1420 2220 1556 2267 inve-

164 2292 261 2342 niri
283 2308 425 2357 po&
448 2293 774 2341 arbitrantur:
809 2293 1058 2352 nimirum,
1082 2294 1152 2343 ita
1175 2294 1309 2343 docti
1334 2305 1465 2343 sunt.

232 2368 473 2418 Ultimum
497 2369 548 2416 in
582 2368 854 2432 geometria
876 2377 967 2427 est,
991 2369 1203 2418 inventis
1237 2370 1308 2417 rei
1341 2370 1557 2433 quaesitae

164 2444 326 2493 causis
353 2444 691 2504 efficientibus,
715 2445 778 2493 ab
811 2445 907 2493 illis
938 2446 1078 2508 quasi
1110 2461 1345 2494 converso
1382 2447 1557 2494 itinere

165 2518 519 2570 demonstrare.
566 2520 610 2567 A
634 2520 810 2578 causis,
833 2521 1049 2584 inquam,
1075 2522 1419 2570 efficientibus:
1444 2522 1558 2585 quia

163 2595 523 2660 proprietatum
556 2596 919 2644 numericarum
957 2612 1117 2644 causae
1138 2597 1427 2660 plerumque
1450 2597 1557 2645 aliae

164 2685 268 2718 non
298 2679 431 2729 sunt,
454 2678 636 2732 praeter
670 2671 1011 2734 impositiones
1042 2672 1296 2719 nominum
1331 2687 1556 2720 numera-

164 2744 286 2793 lium
331 2745 626 2794 arbitrarias.
695 2746 1021 2809 operationes
1061 2747 1192 2794 enim
1233 2747 1555 2796 arithmeticae

166 2827 280 2869 sunt
304 2835 509 2884 operum
530 2821 749 2885 ipsorum
773 2821 1234 2870 demonstrationes,
