1982 3204
523 304 784 340 nossa-tm
812 304 1242 339 GssoMssrmcUM.
1511 296 1575 339 23

189 413 304 472 ΒΜ,
329 413 381 463 id
402 422 478 462 est
503 414 580 474 Bi,
606 414 775 464 decem
799 415 1089 473 semilatera,
1114 423 1164 463 et
1186 415 1391 478 proinde
1415 415 1478 464 Βί
1500 423 1576 465 est
1620 434 1733 460 rrrrr
1754 434 1825 461 vn.

184 489 383 553 aequalis
406 490 543 538 arcui
569 490 654 540 AC
679 490 756 539 vel
782 490 884 539 BD.
1594 482 1859 556 Demu-

253 565 419 614 Ducta
442 566 533 614 ΑΚ
558 575 610 614 et
632 565 873 630 producta
891 565 955 614 ad
977 566 1106 614 latus
1131 564 1212 614 BC
1232 565 1283 613 in
1302 564 1359 623 P,
1379 566 1473 614 erit
1492 567 1576 615 ΑΡ
1594 574 1680 594 “¹⁰⁰¹
1694 564 1806 593 εἰκώ·

185 655 357 689 secans
382 646 444 690 30
467 641 724 704 graduum,
749 648 799 688 et
821 640 902 689 BP
924 650 1131 704 tangens
1157 647 1220 689 30
1244 640 1501 704 graduum,
1525 650 1576 689 et

186 715 273 764 ΑΡ
307 715 457 779 dupla
494 716 588 764 BP.
658 716 820 764 Lateri
859 715 940 765 BC
979 716 1240 779 adjiciatur
1272 714 1344 764 Cle
1376 717 1575 780 aequalis

188 790 302 839 BP:
326 799 378 839 et
399 791 494 840 erit
512 798 617 839 tota
635 790 710 839 Bk
733 792 1003 856 composita
1020 808 1079 840 ex
1098 792 1250 840 latere
1268 799 1318 839 et
1341 799 1575 856 tangente

189 872 254 916 30
276 866 533 932 graduum.
1518 919 1522 922 ,

252 941 701 991 Demonstrandum
731 959 851 1007 ergo
879 953 956 992 est
989 943 1120 992 idem
1149 959 1255 992 esse
1288 927 1538 1007 puncturis
1559 944 1577 991 i

187 1026 241 1067 et
265 1017 313 1066 k.

249 1094 495 1157 Jungatur
518 1094 587 1142 Aa·
617 1110 789 1142 secans
821 1093 907 1143 DC
939 1095 991 1142 in
1024 1094 1097 1142 R:
1132 1104 1183 1142 et
1210 1094 1349 1143 radio
1374 1095 1467 1144 DR
1492 1095 1575 1143 de-

182 1170 427 1218 scribatur
449 1186 592 1219 arcus
611 1170 943 1234 quadrantalis
968 1170 1058 1230 Rr,
1076 1186 1247 1219 secans
1265 1170 1575 1235 diagonalem

188 1243 281 1294 BD
299 1245 351 1294 in
373 1246 429 1294 T.

250 1319 434 1370 Centro
471 1321 530 1380 T,
565 1321 703 1370 radio
742 1322 847 1381 TD,
885 1321 1193 1370 describatur
1227 1337 1370 1370 arcus
1402 1322 1574 1370 circuli

181 1412 353 1446 secans
372 1397 455 1446 BC
472 1398 523 1445 in
545 1398 595 1456 S,
614 1405 664 1445 et
686 1397 988 1461 producatur
1012 1397 1089 1446 ST
1112 1397 1177 1445 ad
1198 1397 1326 1446 latus
1345 1397 1441 1445 AD
1461 1398 1511 1446 in
1530 1415 1572 1447 ε.

183 1472 311 1521 Sunt
332 1489 451 1537 ergo
475 1474 581 1534 DR,
599 1473 703 1530 DT,
719 1474 797 1521 TS
823 1473 1051 1537 aequales.

249 1549 496 1599 Quoniam
510 1557 675 1598 autem
693 1550 780 1597 AB
799 1557 873 1597 est
890 1549 1052 1597 media
1065 1548 1445 1613 proportionalis
1464 1557 1572 1597 tum

180 1623 311 1673 inter
334 1625 419 1673 ΑΡ
448 1633 499 1673 et
528 1626 634 1683 EK,
669 1634 775 1673 tum
806 1626 936 1672 inter
968 1624 1031 1673 Bi
1061 1633 1111 1673 et
1140 1625 1249 1682 DR,
1282 1632 1390 1672 tum
1421 1624 1571 1672 etiam

179 1699 308 1748 inter
325 1699 632 1763 diagonalem
650 1698 740 1747 BD
759 1708 810 1748 et
828 1700 1075 1748 semissem
1095 1700 1199 1763 ejus
1218 1698 1298 1758 CI,
1318 1699 1411 1747 erit
1434 1706 1492 1747 ut
1510 1698 1573 1747 Bi

181 1775 306 1837 (sive
328 1791 470 1824 arcus
490 1773 599 1835 AC)
621 1774 685 1822 ad
705 1775 808 1833 BD,
829 1775 899 1823 ita
918 1775 983 1823 CI
1003 1774 1068 1823 ad
1091 1775 1184 1823 DR
1202 1774 1304 1822 sive
1331 1774 1422 1822 ST.
1477 1774 1572 1821 At-

178 1867 276 1915 que
298 1850 446 1899 etiam
477 1858 532 1898 ut
566 1850 654 1898 BD
686 1851 750 1898 ad
774 1850 872 1909 ΑΡ,
898 1850 970 1898 ita
1000 1850 1250 1913 reciproce
1272 1849 1362 1897 ΕΚ
1387 1848 1451 1896 ad
1479 1849 1573 1897 DR

179 1926 259 1975 vel
277 1926 368 1975 ST.
438 1924 599 1986 Quare
622 1926 663 1974 si
686 1934 907 1974 sumatur
929 1927 982 1974 in
1003 1926 1156 1974 latere
1175 1923 1258 1975 BC
1282 1932 1420 1973 reeta
1442 1941 1571 1989 quae-

180 2001 293 2051 dam
310 2002 511 2066 aequalis
527 2002 633 2059 EK,
647 2010 769 2065 puta
785 2010 920 2050 recta
938 2001 1029 2066 By,
1048 2010 1100 2050 et
1114 2001 1229 2049 inde
1247 2001 1312 2048 ad
1331 2000 1460 2048 latus
1475 1999 1571 2048 AD

180 2076 391 2126 ducatur
406 2083 467 2141 μί
489 2076 722 2141 parallela
745 2076 846 2137 ΑΡ,
871 2077 967 2126 erit
984 2086 1041 2125 ut
1064 2076 1127 2125 Bi
1150 2076 1213 2125 ad
1235 2083 1292 2141 yt
1316 2076 1386 2124 ita
1409 2075 1485 2139 By
1507 2075 1572 2123 ad

181 2152 275 2201 ST.
344 2152 511 2202 Quare
546 2160 682 2201 recta
715 2160 772 2216 yt
808 2154 1037 2202 transibit
1073 2169 1162 2217 per
1194 2153 1250 2212 T,
1283 2159 1334 2200 et
1366 2152 1460 2199 erit
1494 2151 1571 2215 yT

179 2227 380 2293 aequalis
418 2227 510 2276 ST.
580 2227 728 2277 Quod
758 2236 832 2276 est
862 2228 1144 2277 absurdum.
1214 2227 1305 2276 Est
1337 2243 1455 2291 ergo
1491 2227 1569 2275 BS

178 2303 377 2368 aequalis
400 2303 507 2363 EK,
531 2312 582 2352 et
606 2304 668 2352 Ss
690 2303 889 2367 aequalis
914 2303 1015 2352 ΑΡ.
1064 2303 1195 2352 Quia
1217 2303 1369 2366 igitur
1386 2303 1473 2350 ΑΡ
1497 2310 1571 2350 est

179 2377 379 2442 aequalis
402 2377 498 2438 Dk,
522 2379 616 2427 erit
649 2378 730 2427 Dk
757 2378 990 2443 parallela
1018 2377 1093 2427 Ss.
1164 2378 1235 2426 Ut
1265 2394 1383 2441 ergo
1408 2376 1483 2425 Bk
1505 2377 1570 2426 ad

182 2451 278 2513 Dk,
300 2453 372 2502 ita
394 2461 469 2502 est
492 2454 570 2502 BS
585 2453 648 2502 ad
673 2454 764 2502 ST.
813 2454 939 2502 Sunt
962 2469 1080 2518 ergo
1100 2453 1163 2502 Bi
1181 2460 1231 2501 et
1249 2453 1323 2501 Bk
1342 2452 1567 2516 aequales.

182 2528 332 2580 Quod
354 2538 460 2578 erat
482 2530 805 2594 propositum.

251 2605 473 2654 Con-tect.
499 2606 565 2654 iv·
607 2606 842 2670 Sequitur
862 2605 978 2654 hinc
1005 2613 1194 2653 rectam
1227 2604 1340 2663 HR,
1364 2618 1473 2667 quae
1496 2610 1570 2651 est

182 2679 458 2729 differentia
470 2697 568 2744 qua
582 2680 693 2729 duae
710 2681 894 2744 quintae
911 2695 1055 2729 arcus
1074 2679 1162 2729 AC
1178 2688 1414 2743 superant
1427 2678 1570 2726 semi-

182 2754 312 2804 latus
327 2756 441 2814 DH,
457 2757 693 2820 aequalem
709 2772 815 2805 esse
830 2757 915 2804 FK
935 2756 1063 2804 sinui
1077 2771 1216 2803 verso
1234 2760 1298 2803 30
1311 2754 1569 2818 graduum.

250 2829 379 2878 Nam
402 2831 513 2879 siin
535 2831 689 2880 latere
709 2831 799 2880 AB
823 2839 1044 2880 sumatur
1063 2829 1159 2878 AV
1177 2830 1375 2894 aequalis
1394 2829 1497 2885 EK,
1518 2836 1569 2874 et

184 2904 322 2955 radio
339 2905 433 2955 AV
459 2906 766 2956 describatur
788 2923 931 2956 arcus
954 2906 1125 2955 circuli
1147 2921 1316 2955 secans
1336 2904 1418 2952 ΑΡ
1441 2904 1491 2951 in
1510 2902 1567 2958 Y,
