1982 3204
382 284 446 336 76
583 292 881 328 noc'rmNAE
909 287 1274 326 wALmslANAE
1300 286 1372 321 DE
1399 286 1555 322 Moru

117 427 228 453 mm.
251 426 335 461 xw,
382 425 440 456 ea
463 407 691 471 legissem
716 422 826 470 quae
858 404 1026 452 scribit
1050 401 1114 449 ad
1147 406 1445 463 sequentem,
1470 414 1646 462 nempe
1684 398 1775 447 du·-

99 482 154 535 xv*
156 472 363 534 ,·xv1,xv·11.
374 483 514 548 plum
528 482 731 547 pondus
745 496 846 545 per
871 477 1075 543 duplam
1100 474 1460 539 longitudinem
1480 473 1775 537 ferendum,

382 575 491 607 esse
526 557 919 622 impedimentum
958 550 1302 616 quadruplum.
1373 548 1518 598 Unde
1555 548 1777 612 intelligo

383 634 515 699 quod
534 633 752 696 loquitur
776 631 837 677 de
867 627 1082 676 ferendis
1107 625 1353 673 oneribus.
1424 624 1538 672 Hoc
1561 639 1679 686 ergo
1703 630 1779 671 est

384 710 516 774 quod
535 709 678 757 dicit:
717 706 779 754 Si
802 703 1163 767 bajulusferre
1176 707 1353 767 potest
1368 701 1566 766 pondus
1590 706 1780 749 centum

384 785 627 833 librarum
659 797 762 848 per
787 785 976 828 centum
1000 777 1133 825 mille
1151 793 1392 842 passuum
1416 783 1634 841 tempore
1665 791 1780 840 quo-

384 877 567 924 cunque
590 859 653 917 A,
689 865 803 906 tune
817 860 986 919 potest
1003 852 1165 918 ferre
1188 852 1375 902 centies
1399 859 1588 901 centum
1625 850 1782 900 libra-

385 951 493 982 rum
517 934 685 982 eodem
717 939 936 996 tempore
966 944 1069 995 per
1106 945 1251 977 unum
1280 927 1611 977 tantummodo
1647 926 1784 975 mille

380 1026 640 1075 passuum.
711 1009 754 1056 O
782 1013 1088 1070 geometram
1131 1005 1192 1053 de
1228 1013 1369 1053 motu
1405 1002 1778 1052 admirandum!

390 1085 589 1148 Bajulus
609 1084 755 1141 enim,
775 1083 852 1130 vel
875 1082 1023 1130 etiam
1041 1082 1223 1140 asinus,
1249 1080 1659 1144 impedimentum
1684 1094 1783 1142 quo

388 1161 547 1209 minus
584 1160 728 1222 longe
767 1174 889 1206 onus
929 1157 1058 1205 ferre
1092 1156 1272 1220 potuit,
1305 1156 1563 1204 debilitato
1588 1154 1784 1218 corpori

389 1236 708 1292 attribuisset,
733 1251 832 1282 non
872 1232 1173 1297 longitudini
1197 1233 1301 1279 viae.
1371 1231 1462 1279 Vel
1487 1231 1539 1278 in
1575 1229 1783 1278 navibus

389 1311 638 1370 onerariis,
655 1326 851 1358 causam
875 1316 1028 1357 nauta
1051 1308 1252 1356 dixisset
1275 1306 1523 1355 tarditatis
1546 1306 1782 1354 resisten-

388 1387 507 1435 tiam
545 1403 681 1450 aquae
718 1394 892 1434 contra
927 1400 1103 1433 navem
1140 1385 1392 1447 majorem,
1418 1383 1458 1431 si
1487 1382 1644 1446 magis
1667 1397 1783 1430 one-

389 1471 538 1511 retur.

455 1537 603 1587 Quod
627 1537 690 1585 ad
715 1536 1183 1585 demonstrationem
1207 1536 1311 1598 ejus
1334 1535 1527 1594 attinet,
1552 1550 1661 1599 quae
1685 1534 1786 1582 suis

387 1614 487 1661 fere
513 1613 740 1661 omnibus
764 1612 1039 1661 communis
1063 1619 1155 1670 est,
1191 1611 1315 1659 falsa
1351 1618 1440 1670 est,
1465 1626 1626 1674 neque
1650 1610 1787 1674 quic-

388 1705 534 1752 quam
556 1689 688 1737 valet
711 1696 1042 1752 praeterquam
1072 1688 1124 1735 in
1158 1685 1407 1734 numeris:
1443 1686 1507 1734 ad
1541 1686 1785 1734 actionem

387 1773 436 1812 et
460 1765 749 1828 passionem,
776 1781 886 1828 quae
910 1764 1028 1812 solae
1051 1769 1337 1827 spectantur
1360 1763 1414 1810 in
1437 1762 1664 1810 doctrina
1688 1778 1789 1810 mo-

390 1849 485 1899 tus,
510 1839 871 1888 accommodari
895 1855 995 1887 non
1019 1846 1196 1904 potest.
1254 1839 1386 1886 Nam
1409 1838 1450 1886 si
1473 1854 1616 1886 arcus
1640 1838 1790 1901 sagit-

393 1923 495 1964 tam
520 1916 713 1964 emittat
737 1916 1029 1979 quingentas
1060 1915 1218 1973 ulnas,
1252 1914 1430 1962 ideone
1466 1929 1609 1962 arcus
1640 1913 1791 1977 duplo

392 1992 570 2040 fortior
610 1991 816 2039 eandem
851 1991 1047 2039 emittet
1086 1990 1218 2038 mille
1255 1989 1428 2038 ulnas?
1499 1989 1641 2038 Falsa
1670 2004 1790 2053 ergo

391 2074 496 2116 est:
534 2075 582 2116 et
605 2084 684 2127 xv,
708 2067 806 2125 xvi,
831 2076 882 2115 et
905 2067 1022 2127 xvii,
1047 2083 1156 2130 quae
1181 2067 1243 2114 ab
1267 2082 1326 2114 ea
1347 2064 1582 2129 pendent.

637 2256 1081 2291 PROPOSITIONES
1107 2256 1276 2300 XVIII,
1302 2255 1426 2299 XIX,
1454 2255 1552 2288 XX.

470 2350 515 2397 V
512 2350 654 2399 iriam
692 2359 945 2410 momenta,
969 2351 1169 2400 coeteris
1196 2350 1430 2416 paribuS,
1459 2355 1574 2398 sunt
1608 2349 1789 2397 virium

391 2426 641 2490 gradibus
657 2426 1084 2493 proportionalia.

466 2502 587 2549 Haec
612 2519 819 2567 quoque,
846 2510 1087 2567 quatenus
1111 2501 1397 2550 enuntiatur
1418 2500 1514 2549 hoc
1537 2500 1699 2563 capite
1733 2498 1794 2547 de

395 2583 524 2625 motu
547 2578 596 2624 in
620 2595 813 2641 genere,
837 2580 958 2627 falsa
982 2586 1074 2627 est.

462 2652 802 2715 Supponamus
827 2655 957 2702 enim
990 2653 1157 2718 palum
1182 2653 1234 2700 in
1257 2658 1441 2700 terram
1465 2649 1795 2714 defigendum‚

393 2736 443 2776 et
467 2745 496 2775 a
518 2728 734 2791 pondere
766 2730 972 2778 cadente
1010 2730 1071 2778 ab
1109 2727 1371 2777 altitudine
1409 2726 1580 2775 decem
1612 2726 1795 2790 pedum

395 2804 444 2851 in
492 2811 673 2852 terram
719 2805 850 2869 adigi
900 2806 962 2854 ad
1010 2804 1398 2869 profunditatem
1445 2802 1584 2866 pedis
1633 2802 1796 2850 unius.

392 2879 539 2943 Ergo,
574 2896 660 2944 per
686 2881 812 2930 hanc
840 2882 1242 2947 propositionem,
1267 2879 1405 2945 palus
1442 2878 1571 2927 idem
1596 2878 1673 2927 vel
1696 2892 1786 2942 par
