1982 3204
517 288 777 324 Rosea-tm
806 287 1232 322 oeommmcum.
1499 278 1556 321 21

182 401 392 467 aequales
411 401 504 450 DN
523 409 573 449 et
599 399 704 458 NL,
724 407 774 448 et
797 406 1002 462 utraque
1021 414 1189 453 earum
1206 397 1403 461 aequalis
1421 397 1563 446 semi·
1609 416 1720 443 mor.
1741 415 1812 442 vu.

183 477 428 541 diagonali
455 478 546 525 DI:
572 486 623 524 et
646 476 736 524 NL
758 476 850 523 erit
874 474 1027 522 divisa
1050 473 1273 521 bifariam
1297 473 1348 520 in
1371 490 1414 521 e.
1582 462 1848 540 mm„

249 554 496 602 Quoniam
521 568 654 615 ergo,
679 566 766 615 per
792 548 1034 598 Scholium
1064 548 1411 612 propositionis
1442 564 1563 611 prae-
1580 556 1666 576 “⁶¹¹⁸
1677 546 1788 576 εἰκώ·

185 628 420 687 cedentis,
441 629 530 686 Dz,
547 627 656 683 DN,
677 626 768 674 DR
785 633 898 673 sunt
916 625 1145 673 continue
1159 623 1565 687 proportionales,

185 704 227 752 si
250 703 386 752 radio
412 704 487 752 Dz
511 701 781 764 descriptus
805 700 869 747 sit
892 715 1031 747 arcus
1055 698 1126 763 gf,
1151 698 1334 746 secabit
1359 697 1437 745 ille
1462 713 1566 744 rec-

183 787 286 828 tam
310 778 400 827 NL
422 778 472 826 in
495 794 544 825 e:
581 777 701 824 item
737 775 778 823 si
813 774 950 822 radio
975 773 1069 822 DN
1101 773 1404 821 describatur
1426 787 1566 820 arcus

185 854 354 903 circuli
378 853 466 911 NI,
490 851 677 900 secabit
700 850 781 898 ille
804 858 990 898 rectam
1015 850 1090 896 Rr
1112 849 1163 896 in
1187 848 1236 896 cl.

251 928 565 978 Describatur
582 928 685 990 Jam
709 941 852 973 arcus
870 924 1202 988 quadrantalis
1227 922 1362 979 ΝΙΟ,
1387 921 1486 985 qui,
1500 927 1567 968 nt

184 1012 431 1054 ostensum
456 1010 546 1061 est,
569 1001 745 1050 transit
766 1016 856 1064 per
879 1000 927 1048 d.
978 998 1219 1059 Quoniam
1243 1013 1360 1061 ergo
1378 997 1471 1044 DR
1493 1003 1568 1043 est

184 1079 347 1128 radius
374 1077 544 1126 circuli
579 1078 718 1140 cujus
752 1083 926 1139 quarta
950 1091 1062 1139 pars
1093 1073 1343 1138 perimetri
1366 1070 1567 1133 aequalis

183 1163 259 1204 est
280 1154 420 1203 lateri
445 1152 548 1212 DC,
574 1152 667 1200 erit
690 1160 826 1199 recta
849 1151 936 1199 Dd
961 1151 1066 1199 sive
1090 1149 1184 1198 DN
1210 1148 1375 1197 radius
1399 1146 1567 1195 circuli

183 1230 321 1293 cujus
345 1237 523 1292 quarta
551 1242 665 1290 pars
693 1226 944 1290 perimetri
975 1234 1051 1274 est
1072 1224 1270 1288 aequalis
1293 1231 1442 1271 rectae
1466 1221 1565 1269 DF.

184 1305 283 1355 Sed
314 1312 448 1352 recta
476 1302 572 1351 DN
606 1310 681 1350 est
713 1301 878 1350 radius
903 1300 1073 1349 circuli
1097 1301 1234 1363 cujus
1258 1306 1433 1362 quarta
1453 1312 1568 1361 pars

183 1380 436 1446 perimetri
459 1386 533 1427 est
556 1378 660 1442 ipse
683 1393 824 1426 arcus
847 1377 982 1425 ΝΙΟ.
1562 1416 1569 1421 s

201 1487 206 1490 >
252 1455 379 1504 Sunt
398 1470 514 1518 ergo
532 1462 668 1501 recta
684 1453 770 1501 DF
787 1462 837 1500 et
851 1468 992 1501 arcus
1008 1452 1127 1500 ΝΙΟ
1147 1449 1375 1515 aequales.
1410 1449 1570 1497 Arcus

184 1538 350 1580 autem
375 1530 496 1579 ΝΙΟ
522 1537 595 1578 est
619 1529 806 1577 medius
837 1528 1215 1592 proportionalis
1242 1528 1372 1575 inter
1401 1541 1570 1573 arcum

185 1607 271 1655 AC
295 1614 344 1655 et
369 1607 473 1669 ejus
496 1605 759 1663 semissem,
784 1620 902 1667 ergo
930 1603 1078 1651 etiam
1101 1611 1239 1651 recta
1262 1601 1350 1650 DF
1374 1607 1449 1648 est
1470 1616 1569 1648 me-

185 1682 268 1731 dia
288 1680 663 1746 proportionalis
686 1688 781 1727 etc.
830 1678 977 1728 Quod
995 1686 1099 1726 erat
1117 1675 1567 1726 demonstrandum.

256 1756 440 1805 Coroll.
479 1756 531 1804 Si
554 1772 584 1803 a
605 1763 789 1819 puncto
813 1772 843 1802 z
867 1754 1076 1802 ducatur
1099 1764 1235 1802 recta
1257 1770 1316 1801 ze
1338 1751 1571 1816 parallela

184 1833 327 1881 lateri
344 1832 441 1890 BC,
458 1847 628 1880 secans
645 1830 949 1894 diagonalem
963 1831 1052 1879 DB
1067 1831 1118 1878 in
1136 1847 1186 1878 c:
1208 1830 1302 1878 erit
1321 1828 1396 1876 Dc
1409 1843 1571 1892 aequa-

184 1908 245 1956 lis
269 1908 368 1956 DF.
436 1907 542 1955 Erit
566 1907 696 1954 enim
731 1907 805 1954 Dc
837 1906 998 1954 media
1031 1904 1407 1970 proportionalis
1442 1904 1573 1951 inter

186 1984 384 2048 duplam
424 1991 475 2031 et
516 1983 736 2046 simplam
778 1983 869 2031 Dz.
940 1983 1029 2030 Est
1061 1990 1226 2030 autem
1258 1980 1336 2029 Dz
1372 1987 1570 2028 ostensa

185 2060 386 2124 aequalis
410 2059 612 2107 dimidio
636 2059 772 2106 arcui
795 2058 902 2106 AC.

257 2135 475 2183 Consect.
503 2135 536 2182 i.
572 2134 730 2183 Arcus
753 2134 854 2193 AC,
879 2133 930 2182 id
955 2142 1030 2182 est
1052 2140 1188 2181 recta
1206 2131 1294 2190 Bb,
1314 2139 1388 2179 est
1411 2130 1572 2179 media

185 2210 564 2275 proportionalis
587 2210 718 2257 inter
743 2210 871 2258 latus
908 2208 994 2258 DC
1018 2217 1069 2257 et
1092 2207 1397 2273 quintuplam
1429 2207 1573 2254 semi-

186 2285 353 2338 lateris
392 2286 485 2333 BF.
569 2285 692 2333 Cum
731 2284 863 2333 enim
901 2284 1009 2332 duae
1046 2284 1230 2347 quintae
1270 2282 1432 2331 lateris
1467 2282 1571 2340 DC,

187 2369 324 2409 recta
346 2361 452 2421 DR,
478 2360 691 2425 quinque
715 2361 901 2423 quintae
917 2359 1084 2407 lateris
1103 2357 1205 2417 DC,
1225 2358 1322 2406 sint
1340 2358 1572 2406 continue

187 2435 600 2500 proportionales:
626 2436 667 2483 si
685 2435 940 2499 proportio
959 2434 1288 2490 continuetur,
1307 2441 1450 2480 erunt
1464 2432 1571 2489 DR,

187 2511 292 2571 Dc,
311 2519 361 2559 et
378 2510 540 2559 media
557 2510 936 2574 proportionalis
950 2510 1079 2557 inter
1099 2507 1184 2557 DC
1203 2515 1252 2556 et
1267 2507 1572 2571 quintuplam

189 2586 479 2637 semilateris
515 2586 615 2642 BF,
656 2586 886 2634 continue
922 2583 1329 2649 proportionales.
1400 2583 1572 2646 Itaque

189 2661 264 2710 Bb
286 2661 486 2725 aequalis
510 2669 585 2709 ωε
608 2670 757 2709 rectae
776 2677 883 2724 quae
900 2667 1063 2724 potest
1087 2659 1255 2707 decem
1281 2658 1570 2707 semilatera.

191 2735 336 2784 Unde
357 2736 505 2784 etiam
528 2736 746 2800 sequitur
773 2751 940 2783 arcum
964 2734 1335 2799 quadrantalem
1359 2733 1572 2794 descrip-

190 2817 296 2859 tum
325 2811 387 2859 ab
415 2827 534 2860 arcu
557 2811 643 2858 AC
682 2817 885 2859 extenso
915 2810 966 2859 in
994 2809 1355 2867 rectitudinem,
1379 2808 1572 2871 quintu·

190 2885 326 2950 plum
349 2902 454 2935 esse
477 2885 779 2935 semilateriS.
