1982 3204
0 70 14 147 ,purgata
0 0 12 43 παι-4η-

606 288 719 324 Lnx
745 288 1170 323 MATnssMAncA.
1485 283 1578 327 143

186 398 433 448 Wallisius
479 400 541 448 ab
586 408 772 447 ἁπλαηιά
821 401 921 449 sive
966 416 1067 449 non
1110 401 1370 449 latitudine
1412 402 1578 453 lateris
1596 421 1864 449 com-novan-

184 474 459 524 oenfutare.
1650 475 1714 501 sm
1736 476 1808 502 111.

254 550 500 600 Quoniam
542 557 707 598 autem
748 550 1142 614 semidiagonalis
1192 550 1264 599 Lh
1304 561 1378 600 est
1419 554 1580 602 media

184 625 568 690 proportionalis
608 626 735 673 inter
771 634 1014 674 extremas
1045 626 1133 675 DC
1161 635 1212 675 et
1245 626 1356 674 Dle:
1393 628 1435 675 si
1467 629 1580 676 cubi

185 709 303 749 sunt
332 701 383 749 in
415 701 662 764 triplicata
700 701 890 749 ratione
926 701 1133 749 laterum
1162 702 1266 750 sine
1303 702 1579 762 latitudine,

185 776 281 825 erit
298 776 469 824 eadem
485 775 557 824 Lla
579 775 740 824 media
756 793 948 841 quoque
967 778 1097 825 inter
1113 778 1325 826 mediam
1344 779 1580 841 majorem

184 860 238 900 et
259 852 514 900 minorem.
585 851 684 899 Sed
720 852 803 900 illa
842 852 1004 901 media
1034 861 1111 902 est
1143 854 1274 902 inter
1306 854 1390 902 DZ
1414 863 1465 902 et
1489 854 1577 907 Ee.

186 928 369 985 Quare,
393 942 506 975 cum
545 926 629 974 DZ
671 927 734 975 sit
765 926 830 975 ad
867 927 942 976 De
974 937 1031 976 ut
1060 935 1088 977 5
1113 929 1177 977 ad
1201 936 1250 988 4,
1281 938 1427 978 erunt
1461 930 1580 994 ipsae

184 1002 287 1061 DZ,
311 1002 388 1050 De
410 1001 521 1049 duae
544 1001 720 1050 mediae
744 1003 980 1065 quaesitae.

252 1076 572 1126 Manifestum
596 1092 714 1140 ergo
738 1086 811 1125 est
835 1086 1019 1126 rectam
1034 1077 1103 1126 Dt
1122 1094 1222 1127 non
1241 1094 1346 1128 esse
1371 1078 1579 1128 duarum

182 1152 455 1201 mediarum
478 1153 610 1201 inter
633 1153 722 1201 DC
748 1162 799 1201 et
822 1153 901 1201 Dk
918 1154 1188 1202 minorem:
1227 1171 1320 1204 nee
1343 1155 1428 1204 DZ
1451 1155 1579 1204 latus

181 1228 298 1277 cubi
319 1228 519 1292 aequalis
542 1228 745 1277 dimidio
769 1229 896 1277 cubo
919 1230 980 1277 ab
1005 1230 1110 1278 ΑΒ.

250 1302 388 1352 Idem
425 1304 573 1352 etiam
609 1320 698 1368 per
737 1305 952 1368 partium
985 1304 1313 1369 aliquotamm
1348 1321 1579 1355 numeros

181 1378 498 1428 manifestum
525 1387 616 1428 est.
687 1380 815 1428 Cum
847 1382 977 1428 enim
1002 1381 1089 1430 DC
1112 1381 1175 1429 ad
1198 1381 1267 1429 Dt
1290 1381 1356 1430 sit
1379 1389 1436 1431 ut
1461 1388 1489 1430 5
1514 1382 1578 1431 ad

182 1460 232 1513 4,
254 1453 308 1502 id
343 1462 421 1502 est
454 1462 511 1502 ut
541 1459 600 1503 10
619 1454 683 1502 ad
699 1458 753 1514 ’8,
778 1455 857 1503 vel
882 1461 946 1504 50
969 1455 1034 1503 ad
1056 1461 1137 1514 40,
1170 1464 1222 1506 et
1251 1463 1308 1504 ut
1337 1462 1401 1506 50
1425 1457 1490 1505 ad
1512 1463 1577 1506 40

181 1529 254 1578 ita
274 1535 341 1579 40
364 1530 429 1579 ad
453 1535 533 1589 32,
564 1538 618 1579 et
652 1531 724 1579 ita
762 1530 973 1595 denique
1006 1537 1068 1580 32
1093 1531 1157 1580 ad
1180 1531 1310 1591 25÷2
1343 1548 1576 1582 numerus

183 1610 249 1654 50
272 1604 474 1654 deberet
495 1622 602 1655 esse
626 1606 803 1671 duplus
834 1607 1051 1655 numeris
1076 1606 1205 1668 25ξ-.
1277 1608 1377 1656 Sed
1399 1608 1576 1672 duplus

181 1687 260 1728 est
280 1681 472 1730 numeri
496 1688 578 1731 25.
648 1683 816 1732 Quare
854 1683 923 1731 Dt
953 1685 1111 1748 major
1143 1692 1220 1732 est
1250 1700 1397 1748 quam
1419 1685 1577 1748 major

181 1755 453 1805 mediarum
477 1758 608 1806 inter
630 1758 733 1817 DC,
759 1758 855 1807 Dk.

248 1831 408 1882 Causa
452 1835 633 1883 erroris
670 1835 817 1898 hujus
859 1834 955 1882 alia
989 1850 1091 1882 non
1127 1842 1218 1894 est,
1254 1851 1400 1899 quam
1442 1834 1575 1899 quod

180 1905 326 1966 linea,
366 1924 398 1957 a
436 1907 724 1958 definitione
763 1909 981 1958 Euclidis
1017 1925 1119 1958 non
1153 1911 1271 1959 satis
1307 1910 1574 1968 intellecta,

179 1981 351 2033 habita
370 1991 446 2032 oet
468 1999 498 2032 a
518 1984 762 2049 plerisque
793 2001 886 2048 pro
921 1984 1228 2048 longitudine
1262 1986 1367 2035 sine
1405 1986 1575 2035 latitu-

181 2057 312 2108 dine.
365 2059 661 2124 Quanquam
684 2060 815 2108 enim
838 2060 890 2108 in
913 2060 1253 2109 mensurandis
1274 2062 1575 2125 rectangulis

179 2133 493 2183 latitudinem
524 2134 907 2199 computandam
945 2152 1046 2184 non
1079 2151 1183 2185 esse
1215 2152 1387 2184 verum
1419 2137 1499 2196 sit,
1522 2137 1574 2186 in

181 2209 525 2275 computandis
565 2219 730 2259 tamen
768 2211 1118 2275 superficiebus
1149 2211 1372 2260 definitio
1394 2211 1479 2260 illa
1500 2212 1574 2260 lo·-

180 2299 294 2334 cum
327 2286 517 2334 nullum
553 2286 731 2335 habet:
767 2287 883 2350 quia
915 2286 1173 2350 longitudo
1210 2295 1261 2336 et
1291 2288 1574 2351 superficies

181 2367 313 2420 sunt,
342 2376 432 2424 per
460 2361 621 2425 ipsum
648 2361 918 2419 Euclidem,
949 2361 1142 2411 diversa
1169 2378 1353 2426 genera
1381 2363 1575 2426 quanti-

181 2435 315 2484 tatis.
390 2436 639 2485 wallisius
684 2436 851 2500 igitur,
892 2452 1006 2485 cum
1051 2445 1350 2501 supponeret
1393 2438 1573 2486 lineam

182 2508 472 2560 divisibilem
493 2513 547 2560 in
568 2521 735 2576 partes
757 2512 950 2561 infinite
973 2513 1190 2576 exiguaS,
1214 2529 1315 2562 non
1337 2514 1498 2577 potuit
1521 2514 1573 2561 in

181 2583 276 2635 hae
298 2587 566 2649 quaestione
588 2603 690 2635 non
714 2603 893 2636 errare.

248 2659 476 2711 Euclides
493 2662 640 2721 enim,
659 2662 707 2710 in
723 2662 879 2711 Elem.
893 2662 926 2720 i,
944 2661 1300 2712 demonstravit
1320 2662 1573 2727 parallelo·

182 2749 406 2798 gramma
425 2737 517 2786 sub
539 2737 712 2787 eadem
733 2737 995 2788 altitudine
1017 2746 1068 2787 et
1089 2738 1287 2787 basibus
1304 2737 1572 2801 aequalibus

183 2825 289 2859 eme
327 2810 457 2860 inter
490 2828 543 2861 se
585 2813 808 2878 aequalia.
886 2813 1023 2877 Ergo
1062 2813 1571 2877 parallelogrammum

184 2885 276 2934 sub
304 2885 391 2934 AB
426 2895 478 2936 et
511 2889 616 2952 ejus
651 2895 791 2953 parte
829 2888 1020 2938 infinite
1057 2889 1250 2952 exigua,
1280 2887 1465 2950 aequale
1493 2894 1571 2935 est
