1982 3204
166 391 256 417 CAP.
278 391 332 418 lv.

150 437 341 459 z—-ssqae

114 477 160 505 De
173 479 322 516 quadratis

114 521 217 557 figuris
228 525 258 550 et
270 532 340 560 qua-

114 564 204 594 dratis
223 567 353 595 numeris

409 250 500 302 170
702 262 991 298 PRINcu’iA
1019 264 1085 297 ET
1112 264 1482 299 PROBLEMATA

398 381 504 423 tum
533 380 551 422 l
583 374 624 423 si
654 375 865 424 addatur
891 382 937 434 3,
969 377 1090 424 fiant
1118 384 1165 436 4,
1201 378 1389 426 medius
1423 378 1553 426 inter
1581 383 1601 426 l
1630 384 1680 426 et
1710 384 1786 428 16.-

398 449 489 497 Vel
512 450 553 498 si
575 451 812 514 quadrato
831 458 859 499 4
878 451 1088 500 addatur
1103 453 1250 515 tripla
1268 453 1416 516 ipsius
1438 453 1594 512 radix,
1609 469 1786 517 nempe

398 530 445 584 6,
463 526 583 573 fient
613 532 686 585 10,
707 526 896 574 medius
916 527 1296 590 proportionalis
1315 528 1442 576 inter
1462 535 1491 576 4
1512 539 1562 576 et
1578 535 1657 577 25.
1694 529 1787 578 Vel

396 602 437 649 si
461 618 491 649 a
514 608 576 649 25
602 603 851 651 auferatur
874 604 1021 666 tripla
1040 604 1143 666 ejus
1167 603 1322 662 radix,
1343 620 1519 668 nempe
1550 610 1624 662 15,
1642 603 1787 652 relin-

397 685 572 741 quetur
604 684 660 726 10
685 678 871 726 medius
895 680 1023 726 inter
1047 685 1108 727 25
1127 686 1176 727 et
1194 687 1240 727 4.
1288 680 1352 727 Et
1370 680 1440 727 ita
1459 695 1664 742 semper.
1710 679 1788 728 Ex

396 768 493 816 quo
518 753 739 816 sequitur
757 754 927 817 regula
949 754 1207 817 generalis,
1229 754 1361 818 quod
1378 754 1567 802 medius
1585 770 1784 818 propor-

393 828 588 885 tionalis
612 829 741 876 inter
759 829 880 876 duos
896 829 1163 892 quadratos
1183 837 1257 877 est
1280 837 1355 877 tot
1373 829 1564 878 radices
1583 830 1787 878 minoris

395 920 506 951 cum
531 905 721 952 minore
739 906 953 967 junctae:
990 905 1067 952 vel
1087 905 1336 952 residuum
1360 914 1474 968 post
1497 913 1572 954 tot
1596 904 1785 953 radices

395 995 424 1027 a
459 980 643 1042 majore
683 980 886 1038 ablatas,
912 989 1032 1043 quot
1068 980 1188 1028 loeis
1226 981 1278 1028 in
1315 981 1438 1028 serie
1469 995 1786 1029 numerorum

394 1055 606 1103 naturali
630 1057 786 1117 majus
812 1055 1104 1118 quadratum
1129 1056 1278 1104 distat
1301 1073 1331 1104 a
1353 1056 1558 1104 minore.

461 1146 561 1179 vn.
601 1131 919 1179 Manifestum
954 1131 1069 1179 hine
1105 1140 1181 1179 est
1213 1131 1428 1179 radicem
1451 1132 1641 1180 numeri
1665 1148 1785 1195 qua-

395 1205 524 1254 drati
569 1222 669 1254 non
715 1222 835 1265 esse,
871 1214 929 1253 ut
968 1213 1147 1269 putant
1192 1206 1484 1269 algebristae‚
1530 1207 1785 1270 quadratae

393 1282 565 1345 figurae
604 1282 732 1329 latus
754 1300 765 1328 ε
812 1297 972 1344 neque
1010 1282 1210 1330 omnino
1253 1282 1447 1342 lineam,
1495 1284 1610 1347 quia
1654 1283 1786 1332 linea

394 1357 540 1419 plano
565 1357 687 1404 nihil
709 1357 862 1405 addit.

461 1447 585 1480 vul.
626 1432 677 1480 Si
719 1432 815 1480 duo
857 1432 1097 1497 quadrata
1134 1432 1232 1480 sint
1270 1433 1508 1496 proxima,
1540 1448 1600 1480 ea
1639 1432 1785 1483 simul

394 1515 587 1571 sumpta
610 1509 797 1569 majora
817 1517 930 1556 sunt
954 1508 1115 1556 medio
1135 1508 1283 1572 duplo
1304 1516 1487 1571 quanta
1505 1516 1579 1556 est
1603 1508 1785 1566 unitas,

394 1583 493 1630 sive
539 1599 639 1631 una
674 1583 917 1646 particula
954 1583 1208 1647 quadrata.
1279 1583 1409 1632 Nam
1452 1590 1470 1631 1
1515 1591 1566 1632 et
1602 1590 1631 1632 4
1669 1591 1785 1634 sunt

394 1659 620 1720 proxima
641 1677 651 1706 :
689 1659 832 1707 simul
872 1667 1067 1722 sumpta
1107 1667 1223 1707 sunt
1265 1665 1309 1707 5.
1379 1659 1594 1725 Duplum
1635 1659 1786 1708 medii

395 1741 469 1781 est
494 1740 546 1781 4:
574 1735 853 1783 differentia
877 1743 951 1782 est
982 1741 1021 1783 l.
1084 1734 1334 1794 Similiter,
1359 1740 1451 1784 100
1475 1742 1526 1783 et
1554 1740 1643 1784 121
1671 1742 1786 1785 sunt

392 1810 647 1873 proxima:
673 1810 815 1858 simul
835 1818 1031 1873 sumpta
1048 1818 1162 1858 sunt
1181 1816 1268 1859 221
1291 1829 1302 1858 :
1328 1810 1543 1859 medium
1562 1819 1636 1860 est
1666 1817 1786 1861 110:

395 1885 596 1949 duplum
620 1887 768 1935 medii
791 1893 909 1936 220:
937 1887 1213 1935 differentia
1243 1893 1282 1936 l.
1352 1887 1416 1935 Et
1439 1887 1508 1935 sie
1530 1887 1726 1951 ubique.

462 1977 543 2011 lx.
590 1964 642 2011 Si
689 1962 928 2026 quadrata
972 1963 1305 2012 intermittant
1348 1979 1518 2022 unum,
1565 1971 1786 2012 extrema

394 2037 536 2085 simul
562 2046 756 2100 sumpta
774 2039 962 2101 majora
979 2044 1093 2086 sunt
1109 2037 1257 2101 duplo
1276 2038 1436 2086 medio
1454 2038 1782 2102 quaternario.

393 2113 521 2160 Nam
551 2117 572 2160 1
601 2121 650 2162 et
674 2119 704 2161 9
729 2113 1063 2162 intermittunt
1094 2119 1136 2171 l,
1161 2113 1304 2160 simul
1339 2121 1533 2177 sumpta
1556 2120 1670 2162 sunt
1699 2119 1782 2164 1οε

394 2188 595 2251 duplum
626 2188 843 2237 medium
874 2196 950 2236 est
980 2194 1033 2236 6:
1075 2188 1353 2236 differentia
1387 2195 1433 2236 4.
1506 2188 1649 2247 Item,
1691 2193 1784 2238 100

398 2269 488 2311 144
528 2264 865 2312 intermittunt
904 2280 1068 2313 unum.
1139 2265 1371 2312 Extrema
1407 2264 1552 2312 simul
1589 2273 1786 2328 sumpta

392 2347 507 2387 sunt
531 2346 625 2387 244
650 2358 661 2387 :
696 2340 913 2388 medium
937 2347 1011 2389 est
1041 2346 1154 2389 120:
1191 2340 1407 2388 medium
1431 2340 1635 2404 duplum
1659 2345 1780 2389 2402

393 2413 670 2463 differentia
692 2421 740 2463 4.
809 2416 874 2463 Et
898 2415 968 2463 sic
991 2414 1187 2479 ubique.

459 2504 514 2538 x.
553 2490 604 2537 Si
636 2489 878 2552 quadrata
913 2490 1244 2539 intermittant
1280 2490 1377 2538 alia
1411 2489 1524 2549 duo,
1563 2497 1784 2541 extrema

392 2565 536 2614 simul
560 2573 755 2628 sumpta
779 2566 965 2628 majora
989 2574 1106 2614 sunt
1139 2564 1300 2614 medio
1326 2564 1474 2628 duplo
1499 2566 1782 2616 novenaria

392 2641 521 2699 Nam
552 2647 570 2689 1
600 2649 651 2689 et
682 2646 737 2688 16
763 2641 1095 2691 intermittunt
1119 2641 1238 2690 duo:
1281 2641 1425 2689 simul
1462 2641 1632 2690 addita
1667 2648 1785 2691 sunt

399 2719 480 2771 17:
505 2716 720 2764 medium
745 2716 948 2779 duplum
977 2724 1051 2765 est
1076 2723 1128 2765 8:
1155 2716 1431 2765 differentia
1445 2720 1491 2764 9.
1539 2717 1664 2766 Item
1689 2721 1783 2770 100,

391 2800 443 2849 et
469 2796 534 2840 49
570 2791 903 2840 intermittunt
937 2791 1058 2841 duo:
1095 2791 1241 2840 simul
1276 2799 1471 2855 sumpta
1505 2800 1621 2841 sunt
1664 2797 1780 2843 149:

391 2867 606 2916 medium
629 2875 706 2916 est
725 2869 812 2922 70:
839 2867 1041 2930 duplum
1066 2869 1169 2931 ejus
1194 2875 1269 2917 est
1298 2873 1414 2917 140:
1440 2867 1716 2918 differentia
1731 2874 1781 2918 9.

393 2943 642 3004 Similiter,
667 2943 956 2993 intermissis
981 2944 1153 3002 tribus,
1182 2951 1401 2994 extrema
1432 2952 1668 3009 superant
1691 2943 1782 2995 du·
