1982 3204
456 293 519 335 48
790 301 1052 335 RosE'rUM
1082 298 1512 333 GEOME‘rmcUM.

455 430 542 476 per
567 413 603 461 P
628 413 835 461 ducatur
853 413 946 461 ΥΘ,
968 411 1200 476 parallela
1225 410 1322 469 BC,
1343 426 1512 459 secans
1538 411 1846 475 diagonalem

402 515 440 563 ⁸1³·
458 488 546 536 131⁷)
571 489 622 537 in
648 490 710 547 Q,
741 498 788 537 et
818 489 900 536 EF
933 490 984 536 in
1018 489 1084 534 V:
1121 487 1520 550 compleaturque
1552 488 1846 550 quadratum

457 563 672 624 DYQM,
697 567 835 627 cujus
860 565 985 611 latus
1011 563 1113 611 ΘΜ
1138 571 1269 609 secet
1293 579 1463 610 arcum
1488 563 1575 610 AC
1602 563 1653 610 in
1678 563 1741 610 N.

524 641 594 688 Ut
618 656 734 703 ergo
761 640 1052 703 quadratum
1077 655 1106 685 a
1130 637 1217 685 DF
1242 637 1305 685 ad
1329 638 1622 700 quadratum
1655 637 1744 685 DP
1767 637 1846 685 vel

458 715 560 774 DC,
585 717 656 763 ita
680 724 753 764 est
778 715 1069 778 quadratum
1094 729 1122 760 a
1147 711 1232 761 DC
1263 713 1324 761 ad
1357 713 1651 776 quadratum
1675 729 1705 761 a
1728 712 1848 762 DY.

458 792 548 838 Est
583 807 700 854 ergo
738 790 1028 854 quadratum
1053 786 1233 836 ABCD
1259 793 1289 836 5
1314 804 1522 852 quorum
1554 788 1847 853 quadratum

460 865 665 915 DYQM
690 874 762 913 est
787 868 831 912 4.

524 942 552 990 J
557 950 768 1005 ungatur
789 939 910 997 YM,
930 955 1039 1002 quae
1059 938 1244 986 dividet
1264 938 1362 988 DQ
1384 939 1624 987 bifariam.
1671 938 1848 988 Duetae

458 1017 575 1065 item
601 1018 701 1075 PK,
727 1016 838 1074 ΝΟ,
863 1016 945 1063 illa
973 1015 1115 1062 lateri
1140 1013 1247 1073 AB,
1273 1015 1377 1063 haee
1406 1015 1549 1063 lateri
1581 1015 1664 1063 BC
1686 1015 1849 1079 paral-

458 1093 567 1150 lela,
610 1094 844 1140 secabunt
884 1107 935 1138 se
977 1098 1150 1138 mutuo
1182 1097 1232 1137 et
1266 1089 1330 1138 ad
1365 1090 1571 1154 angulos
1605 1098 1764 1139 rectos
1796 1091 1850 1139 in

460 1168 620 1215 medio
645 1175 790 1215 rectae
814 1166 925 1214 DQ.

529 1243 771 1291 Quoniam
791 1241 940 1303 igitur
959 1239 1252 1303 quadratum
1267 1239 1447 1289 ABCD
1467 1247 1540 1288 est
1558 1239 1621 1288 ad
1638 1239 1851 1304 quadra-

458 1327 566 1366 tum
590 1315 787 1376 DYQM
810 1323 868 1363 ut
895 1322 921 1363 5
944 1315 1007 1363 ad
1026 1321 1071 1371 4,
1089 1315 1183 1362 erit
1201 1315 1494 1379 quadratum
1513 1331 1541 1363 a
1559 1315 1658 1364 DQ
1681 1320 1711 1364 8
1731 1332 1848 1378 quo-

464 1410 573 1441 rum
598 1392 890 1454 quadratum
919 1391 980 1439 ab
1011 1391 1107 1439 ΥΟ,
1141 1398 1216 1438 est
1239 1397 1286 1447 4,
1312 1399 1361 1439 et
1393 1391 1684 1454 quadratum
1708 1408 1739 1440 a
1761 1389 1848 1440 DC

462 1477 507 1526 5,
535 1477 584 1516 et
608 1467 898 1530 quadratum
925 1483 954 1514 a
979 1466 1180 1514 dimidia
1204 1465 1303 1515 DQ
1334 1473 1381 1515 2.

527 1543 834 1593 Quadratum
867 1558 984 1605 ergo
1008 1558 1037 1589 a
1061 1541 1263 1589 dimidia
1294 1541 1393 1591 DQ
1421 1549 1495 1590 est
1526 1541 1634 1589 duae
1667 1541 1850 1605 quintae

460 1619 685 1682 quadrati
709 1616 904 1667 ABCD.
949 1618 1037 1665 Est
1061 1633 1179 1680 ergo
1205 1617 1407 1665 dimidia
1431 1617 1530 1667 DQ
1552 1617 1715 1665 media
1737 1633 1850 1680 pro-

459 1694 743 1758 portionalis
782 1694 910 1741 inter
945 1693 1362 1742 semidiametrum
1392 1692 1478 1741 DC
1509 1701 1560 1741 et
1593 1693 1714 1741 duas
1745 1693 1850 1755 ejus

461 1771 668 1832 quintas,
694 1778 744 1818 et
767 1769 973 1833 proinde
996 1769 1195 1832 aequalis
1220 1768 1321 1817 DZ.
1376 1768 1466 1816 Est
1489 1776 1654 1816 autem
1678 1769 1716 1815 Z
1740 1783 1850 1816 cen·

462 1855 593 1893 trum
628 1854 733 1893 tum
769 1845 1138 1909 magnitudinis,
1178 1854 1284 1892 tum
1317 1844 1586 1908 gravitatis,
1623 1843 1851 1907 quadrati

465 1921 682 1970 DYQM:
719 1929 770 1969 et
804 1929 1045 1985 punctum
1084 1921 1107 1968 I
1149 1927 1373 1968 centrum
1414 1919 1764 1984 magnitudinis
1799 1927 1851 1968 et

461 1997 715 2059 gravitatis
741 1996 966 2059 quadrati
990 1994 1188 2044 ABCD.

528 2071 791 2119 Ostensum
829 2079 993 2120 autem
1035 2078 1123 2128 est,
1159 2070 1493 2134 propositione
1534 2070 1648 2118 xviii
1687 2070 1850 2134 hujus,

461 2146 752 2209 quadratum
788 2146 987 2196 DYQM
1023 2155 1075 2195 et
1106 2145 1428 2210 quadrantem
1467 2144 1603 2194 DAC
1643 2146 1772 2194 inter
1799 2162 1850 2194 se

462 2237 566 2269 esse
597 2221 818 2285 aequalia,
852 2230 901 2270 et
932 2222 1130 2270 trilinea
1161 2221 1299 2280 CYP,
1333 2220 1482 2280 PQL‚
1515 2221 1684 2280 AMN,
1711 2221 1853 2271 NQL

463 2311 565 2344 esse
589 2297 717 2345 inter
741 2314 790 2345 se
814 2298 1032 2361 aequalia.
1105 2298 1238 2361 Ergo
1269 2297 1309 2345 si
1333 2313 1363 2345 a
1386 2296 1625 2360 quadrato
1651 2297 1850 2347 DYQM

461 2371 745 2420 auferantur
789 2373 885 2421 duo
933 2374 1128 2422 trilinea
1168 2373 1373 2438 aequalia
1419 2373 1562 2431 PQL,
1602 2373 1759 2432 NQL,
1800 2381 1851 2420 et

462 2446 706 2495 addantur
738 2448 895 2496 eidem
928 2449 1165 2512 quadrato
1198 2448 1295 2496 duo
1325 2448 1520 2496 trilinea
1542 2447 1680 2506 CYP,
1700 2448 1851 2496 AMN

462 2522 526 2569 ad
548 2523 752 2585 aequales
768 2524 1021 2572 distantias
1040 2541 1070 2572 a
1085 2524 1334 2572 diametris
1359 2523 1631 2587 aequilibrii,
1656 2523 1853 2571 trilinea

464 2596 600 2655 CYP,
627 2598 776 2645 AMN
810 2600 1295 2663 aequiponderabunt.
1367 2599 1466 2647 Sed
1497 2598 1731 2646 distantia
1752 2598 1851 2658 YP,

463 2672 584 2730 MN,
611 2672 712 2729 ΡΘ,
738 2674 832 2722 QN
868 2683 982 2723 sunt
1014 2675 1240 2739 aequales,
1265 2683 1316 2723 et
1338 2674 1590 2738 aequaliter
1613 2673 1800 2721 distant
1822 2690 1853 2722 a

461 2746 712 2796 diametris
736 2750 992 2812 aequilibrii
1019 2750 1127 2810 ΝΟ,
1145 2751 1241 2799 Pk:
1266 2751 1384 2821 item
1410 2758 1594 2814 puncta
1615 2749 1674 2808 Y,
1696 2750 1759 2808 Q,
1779 2749 1849 2809 M,

464 2822 526 2882 D,
559 2824 809 2887 aequaliter
846 2825 1031 2875 distant
1054 2843 1084 2876 a
1107 2834 1276 2876 centro
1307 2825 1563 2890 gravitatis
1601 2825 1771 2885 totius,
1795 2825 1847 2872 Z.
