1982 3204
122 435 382 463 eoN'rROVER-

172 490 235 515 SlA
257 491 315 517 111.

151 535 341 559 bff-ae

409 297 499 340 110
817 306 927 341 Lux
957 304 1382 340 MATHEMA'rmA.

469 419 599 467 Nam
622 420 917 483 principium
940 420 1035 467 hoc
1064 420 1276 482 (nempe,
1302 418 1454 482 partis
1479 418 1708 466 secundae
1737 418 1795 466 li-

400 495 477 542 bri
509 495 582 543 sui
619 495 701 543 De
735 495 895 554 Motu,
931 512 1068 559 prop.
1103 495 1153 555 v)
1183 493 1306 541 adeo
1330 492 1596 541 absurdum
1623 502 1713 551 est,
1739 502 1795 541 ut

401 571 536 618 credi
571 570 653 618 vix
688 570 843 634 possit
877 571 938 618 ab
977 570 1172 618 homine
1212 585 1330 617 sano
1366 568 1642 631 profectum
1674 585 1793 617 esse.

403 646 466 694 Si
497 645 828 710 intelligatur,
854 647 1030 709 inquit,
1068 646 1224 693 series
1262 645 1454 707 infinita
1479 654 1793 707 quantorum,

399 723 538 785 cujus
560 721 780 769 ultimum
806 728 882 769 est
901 721 1069 769 clatum
1085 739 1102 768 :
1127 721 1178 768 id
1202 728 1288 780 est,
1312 721 1352 768 si
1377 720 1624 768 infinitum
1649 719 1794 768 intel-

397 797 581 861 ligatur
617 797 828 845 finitum.
899 797 1027 844 Nam
1066 797 1203 859 cujus
1243 796 1412 844 datum
1450 804 1526 843 est
1565 795 1794 859 primum,

399 888 576 936 nempe
608 879 649 931 l,
685 880 830 936 atque
863 874 1009 920 etiam
1044 873 1287 928 ultimum,
1322 888 1485 919 nonne
1523 879 1683 920 totum
1719 879 1797 920 est

397 947 625 996 finitum?
696 948 920 996 Profecto
943 949 1087 995 amici
1112 949 1214 1011 ejus
1238 963 1491 1010 nunquam
1521 947 1627 995 haec
1661 946 1796 1010 lege-

397 1031 532 1071 runt.
602 1023 885 1070 Mirandum
909 1024 1041 1070 enim
1065 1031 1209 1082 esset,
1234 1024 1274 1071 si
1297 1022 1653 1070 absurditatem
1684 1030 1794 1071 tan-

398 1107 501 1147 tam
526 1114 623 1147 non
648 1098 899 1146 vidissent.

466 1175 558 1222 Per
595 1174 841 1222 infinitum
881 1174 1154 1236 intelligere
1194 1190 1244 1221 se
1286 1173 1411 1221 dixit
1451 1173 1794 1222 tantummodo

397 1257 628 1314 quantum
654 1256 729 1297 est
752 1249 1010 1313 possibile.
1083 1249 1179 1297 Sed
1205 1249 1400 1312 quando
1427 1248 1582 1297 dixit?
1654 1250 1793 1298 Post-

398 1341 543 1389 quam
568 1342 598 1373 a
623 1325 868 1373 Societate
893 1325 1065 1388 Regali
1085 1325 1297 1372 monitus
1321 1333 1466 1382 esset,
1491 1334 1547 1372 ut
1570 1326 1792 1389 proposi-

397 1402 583 1448 tionem
608 1417 763 1459 suam,
787 1417 896 1464 quae
920 1401 1133 1448 absurda
1155 1400 1428 1458 videbatur,
1455 1401 1495 1448 si
1518 1410 1683 1464 posset
1707 1401 1793 1449 de-

396 1476 646 1524 fenderet:
682 1485 800 1524 tunc
825 1476 964 1532 dixit,
990 1484 1039 1524 et
1064 1485 1235 1524 contra
1259 1492 1405 1539 quam
1429 1476 1533 1539 ipse
1572 1476 1791 1525 sentiret.

398 1553 526 1600 Nam
552 1553 615 1600 ad
649 1569 788 1616 prop.
814 1552 896 1600 xix
932 1561 983 1600 et
1020 1553 1170 1600 xxxix
1205 1552 1435 1615 loquutus
1472 1559 1547 1599 est
1582 1551 1643 1599 de
1668 1552 1791 1600 serie

397 1629 499 1676 sive
525 1629 864 1692 progressione
887 1644 1205 1676 numerorum
1230 1628 1437 1676 infinita.
1508 1628 1634 1677 Quae
1657 1628 1697 1675 si
1720 1628 1791 1676 in-

394 1704 537 1751 finita
589 1719 688 1752 non
737 1713 859 1764 erat,
907 1721 1007 1752 non
1053 1703 1375 1767 processisset
1416 1702 1790 1751 demonstratio.

396 1779 525 1826 Illud
557 1779 716 1842 ipsum
749 1786 984 1843 quantum
1015 1785 1092 1826 est
1118 1778 1379 1843 possibile,
1405 1778 1537 1826 dicat
1575 1778 1790 1837 tandem,

395 1854 652 1902 finitumne
678 1862 767 1911 est,
792 1871 855 1902 an
879 1855 1125 1903 infinitum
1146 1854 1162 1902 ἓ
1207 1854 1259 1902 Si
1282 1855 1492 1913 finitum,
1525 1854 1790 1903 fractiones

394 1929 502 1977 istae
531 1927 582 1960 ¹—
612 1927 661 1962 ὲ
695 1927 747 1960 —¹
785 1927 838 1960 ὲ
894 1938 1004 1989 etc„
1052 1939 1103 1979 et
1139 1927 1206 1991 ἦ,
1227 1927 1295 1991 “ζ-,
1316 1927 1395 1991 ζτ,
1420 1927 1480 1991 ἐς,
1521 1938 1634 1990 etc„
1680 1947 1791 1995 per-

547 1970 560 1990 ὃ
585 1969 597 1988 9
628 1968 680 1991 129
714 1968 766 1991 182
796 1971 822 1991 24
842 1969 855 1990 9

393 2014 543 2068 petuo
570 2007 907 2055 decrescentes
931 2023 1181 2070 nunquam
1211 2007 1562 2070 extinguentur
1582 2025 1596 2054 t
1631 2022 1791 2070 neque-

394 2096 514 2144 ergo
538 2089 644 2130 tota
667 2083 815 2130 series
839 2082 903 2130 ad
928 2082 1135 2130 totidem
1161 2083 1384 2130 maximae
1407 2081 1617 2146 aequales
1640 2082 1790 2130 habe-

393 2155 468 2203 bit
491 2157 731 2205 rationem
762 2163 779 2205 l
811 2157 874 2205 ad
899 2164 928 2205 3
952 2157 1030 2206 vel
1060 2163 1079 2205 l
1109 2157 1174 2206 ad
1209 2159 1256 2215 4,
1282 2165 1376 2205 etc.
1446 2158 1619 2221 Itaque
1654 2159 1790 2222 prin-

394 2231 578 2294 cipium
601 2232 723 2280 illud
758 2232 933 2280 falsum
961 2234 1070 2281 erit.
1140 2233 1227 2281 Sin
1265 2233 1527 2291 infinitum,
1563 2232 1789 2282 insanum

393 2307 503 2355 erit.
574 2308 672 2356 Sed
707 2308 826 2372 quid
849 2309 889 2356 si
915 2309 1092 2357 dixerit
1128 2309 1403 2373 intelligere
1427 2325 1478 2357 se
1502 2324 1591 2372 per
1613 2307 1791 2357 seriem

393 2383 638 2432 infinitam
672 2384 972 2448 quantitates
1011 2385 1168 2433 factas
1201 2401 1289 2449 per
1325 2384 1477 2432 finitae
1501 2384 1789 2447 quantitatis

393 2458 715 2507 bisectionem
754 2459 1025 2508 aeternam?
1094 2460 1253 2523 AEque
1289 2458 1557 2508 absurdum
1590 2458 1787 2508 dixerit.

394 2534 607 2583 Bisectio
631 2535 762 2583 enim
787 2542 983 2595 aeterna,
1009 2536 1128 2599 quid
1151 2535 1286 2584 aliud
1317 2544 1393 2584 est
1415 2551 1562 2599 quam
1596 2550 1789 2598 semper

392 2628 575 2672 secare,
600 2630 851 2677 nunquam
874 2615 1023 2663 finem
1059 2615 1252 2663 facere?
1323 2613 1515 2663 Incidet
1545 2613 1709 2677 itaque
1736 2613 1788 2661 in

392 2689 661 2737 absurdum
702 2689 846 2738 idem.
925 2690 1091 2739 Quare
1133 2691 1376 2739 dictarum
1415 2690 1683 2753 figurarum
1723 2688 1788 2737 ad

393 2765 681 2828 rectangula
705 2781 792 2813 sua
815 2765 1028 2813 rationes
1061 2765 1309 2814 Wallisius
1344 2781 1445 2813 non
1481 2764 1788 2813 demonstra-

392 2839 479 2888 vit.
547 2840 827 2889 Earundem
851 2850 1014 2888 autem
1040 2850 1209 2888 centra
1225 2841 1480 2903 gravitatis
1503 2856 1563 2888 ex
1586 2838 1786 2888 rationi*

392 2915 484 2963 bus
502 2917 767 2979 figurarum
788 2916 850 2965 ad
867 2932 955 2965 sua
970 2917 1270 2979 rectiangula,
1285 2932 1347 2965 ne
1366 2924 1571 2965 conatus
1588 2914 1785 2979 quidem
