1982 3204
600 324 853 360 CENSURA
883 326 1099 360 BREVIS.
1476 323 1538 366 85

156 432 305 482 modo
330 436 596 484 examinari
620 445 800 500 posset.
870 438 1122 487 Quantum
1147 447 1310 487 tamen
1335 442 1452 490 satis
1476 444 1540 492 sit
1635 462 1749 490 ros-r-

157 518 215 557 ut
234 509 359 558 scias
382 526 538 575 neque
564 513 612 560 in
637 513 728 561 hae
751 520 890 579 parte
921 513 1181 577 quicquam
1211 530 1316 563 esse
1343 518 1540 580 (praeter
1582 515 1795 544 mmmm·

157 599 218 632 ea
240 601 348 649 quae
382 588 543 636 sciunt
576 589 735 652 pueri)
763 596 850 636 aut
882 597 1143 652 geometrae
1166 597 1251 638 aut
1284 590 1431 654 logici
1453 602 1540 641 aut

157 658 368 708 hominis
393 662 514 719 sani,
538 670 730 710 tantum
754 663 845 710 tibi
868 663 1132 711 adnotabo.
1202 663 1361 728 Caput
1393 667 1539 731 hujus

156 736 311 799 partis
342 737 552 800 primum
586 739 830 801 totiusque
866 739 1026 802 operis
1050 746 1292 803 quartum,
1317 740 1487 805 incipit
1509 759 1539 791 a

158 810 443 859 definitione
466 812 753 875 quantitatis
777 813 1037 862 coutinuae.

224 890 255 912 “
273 886 616 944 Continuum‚”
641 888 815 952 inquit,
840 893 871 915 ‘⁶
887 890 1109 953 quodvis,
1142 891 1412 939 secundum
1439 892 1535 940 Cas

155 961 341 1010 vallerii
373 962 699 1011 Geometriam
734 965 1128 1024 Inde'visibilium,
1163 967 1454 1030 intelligitur
1477 984 1537 1015 ex

155 1035 527 1086 indivisibilibus
562 1055 765 1087 numero
806 1041 1010 1090 infinitis
1046 1043 1319 1091 constare.'’
1390 1043 1538 1092 Quod

155 1110 333 1159 deinde
369 1113 632 1176 explicans,
664 1118 695 1140 ‘⁶
719 1116 829 1163 Hoc
862 1117 983 1175 est,”
1019 1117 1103 1176 ait,
1140 1121 1170 1142 “
1191 1133 1251 1165 ex
1284 1119 1538 1181 particulis

154 1185 469 1250 homogeneis
515 1189 705 1237 infinite
747 1191 950 1254 exiguis,
987 1207 1190 1240 numero
1226 1193 1447 1252 infinitis,
1479 1204 1538 1243 ut

153 1260 282 1310 linea
305 1277 365 1310 ex
389 1262 591 1311 infinitis
622 1266 836 1327 punctis,
869 1266 964 1314 hoc
996 1274 1086 1326 est,
1123 1267 1312 1316 lineolis
1348 1268 1537 1317 infinite

153 1337 360 1402 exiguis,
406 1339 715 1403 longitudine
760 1343 1071 1406 aequalibus’',
1111 1352 1207 1392 etc.
1278 1345 1537 1393 Miraberis

152 1413 359 1462 fortasse
397 1422 454 1462 tu
485 1416 628 1478 juxta
663 1433 809 1480 quam
843 1418 1051 1481 logicam
1090 1435 1185 1467 vox
1220 1416 1567 1468 Cavallerius‘

153 1488 338 1537 intrare
360 1498 524 1553 potest
547 1491 598 1538 in
622 1490 953 1541 definitionem
970 1494 1256 1557 quantitatis
1274 1495 1535 1543 continuae.

155 1564 253 1612 Sed
276 1580 368 1628 ego
391 1565 487 1613 hoe
508 1574 763 1629 praetereo.

220 1640 453 1689 Definitio
493 1641 616 1690 falsa
657 1652 748 1701 est,
791 1651 840 1691 et
880 1659 940 1691 ex
981 1659 1039 1692 ea
1083 1644 1320 1708 sequitur,
1358 1645 1535 1708 primo,

151 1716 476 1779 quantitatem
501 1717 784 1766 continuam
807 1719 1007 1767 omnino
1030 1720 1212 1767 nullam
1235 1736 1354 1768 esse.
1411 1719 1535 1770 Con·

151 1790 346 1840 tinuum
369 1792 500 1840 enim
531 1809 675 1842 omne
704 1794 943 1842 divisibile
971 1803 1048 1843 est
1074 1799 1152 1856 (ut
1182 1796 1400 1844 fatentur
1421 1813 1535 1860 geo·

150 1875 322 1916 metrae
345 1884 527 1927 omnes,
552 1885 644 1917 nec
662 1869 910 1918 Wallisius
931 1871 1101 1934 negat)
1123 1871 1174 1919 in
1198 1887 1389 1936 semper
1412 1872 1535 1920 divi-

150 1941 332 1990 sibilia:
357 1951 407 1991 et
420 1952 679 2007 propterea
697 1961 810 2008 pars
827 1945 1154 1994 infinitissima
1167 1947 1387 1995 continui
1402 1948 1536 1996 nulla

149 2023 241 2065 est.
287 2017 436 2067 Quod
455 2027 623 2067 autem
641 2035 701 2067 ex
718 2019 882 2068 nihilis
896 2022 1208 2085 componitur
1225 2023 1317 2070 etsi
1331 2039 1535 2072 numero

149 2092 370 2152 infinitis,
394 2093 518 2142 nihil
542 2102 638 2143 est:
675 2103 727 2143 et
749 2111 839 2159 per
861 2112 1177 2160 consequens,
1197 2099 1343 2162 juxta
1364 2098 1534 2147 defini-

150 2167 336 2216 tionem
359 2168 502 2228 hanc,
528 2170 815 2219 continuum
838 2171 1025 2220 nullum
1048 2180 1136 2221 est.

218 2243 461 2303 Secundo,
494 2245 535 2293 si
572 2246 862 2295 continuum
889 2248 953 2296 sit
989 2257 1328 2312 aggregatum,
1359 2258 1417 2298 ut
1452 2250 1533 2298 ille

151 2317 287 2378 dicit,
310 2335 371 2368 ex
394 2320 781 2381 indivisibilibus,
804 2323 890 2371 ubi
913 2332 988 2371 est
1010 2324 1257 2387 quantitas
1292 2325 1536 2373 discreta?

152 2393 283 2443 Nam
314 2410 547 2444 numerus
581 2396 845 2446 nihilorum
884 2415 1116 2448 numerus
1150 2415 1248 2448 non
1284 2409 1379 2449 est:
1423 2401 1536 2463 quia

151 2486 383 2521 numerus
400 2489 604 2523 numero
620 2475 832 2534 addituS,
848 2477 925 2525 vel
948 2477 1000 2525 in
1023 2493 1279 2526 numerum
1302 2478 1535 2541 multipli-

151 2554 305 2607 catus,
328 2549 386 2597 fit
408 2550 581 2613 major.
653 2549 752 2599 Sed
774 2551 896 2600 nihil
929 2568 1090 2616 neque
1121 2552 1370 2601 additione
1393 2553 1535 2600 nihil·

152 2636 294 2670 orum
315 2638 473 2688 neque
497 2625 904 2689 multiplicatione
926 2627 1027 2675 nlla
1048 2628 1218 2691 augeri
1240 2635 1419 2692 potest,
1443 2644 1534 2675 nec

154 2695 391 2747 divisione
413 2699 582 2749 minui.

222 2770 409 2832 Tertio,
432 2790 494 2822 ex
529 2775 622 2824 hac
658 2775 957 2836 definitione,
981 2785 1230 2842 assumpto
1262 2778 1394 2842 quod
1421 2794 1533 2841 sup-

154 2846 298 2910 ponit
329 2847 393 2895 ad
424 2864 564 2914 prop.
588 2851 653 2908 vi,
670 2867 778 2915 cap.
801 2868 847 2910 v,
875 2851 1066 2900 Cin-uli
1086 2860 1322 2901 sectorem
1345 2870 1408 2901 ex
1424 2852 1533 2914 irfi-

155 2920 276 2970 nitis
288 2938 483 2972 numero
494 2925 764 2975 sectoribus
778 2927 1016 2992 componi,
1030 2928 1134 2976 sive
1156 2928 1534 2992 (quodpropter

158 2995 449 3059 infinitatem
478 3000 644 3049 eodem
684 3002 897 3062 recidit)
926 3018 989 3050 ex
1020 3002 1223 3051 totidem
1258 3000 1533 3066 triangulis
