1982 3204
690 276 1132 311 nccnnsusncA.
1501 271 1596 323 379

215 384 411 431 Condere
430 401 509 430 nee
527 387 642 444 leges
654 387 798 443 jussit,
818 401 898 430 nec
917 386 1071 430 habere
1091 387 1278 431 tribunal

274 452 326 495 In
346 453 497 501 terris:
528 453 602 497 sed
622 469 694 496 ece
713 453 773 496 ire
793 453 957 502 docere,
970 453 1108 509 jubet.

213 517 260 560 N
261 533 316 561 on
335 519 474 575 placet
492 519 573 563 hoc
592 534 747 562 munus
766 517 1039 576 sapientibus.
1081 523 1109 542 “
1126 517 1232 560 Esse
1252 526 1438 563 meretur
1465 571 1470 574 .

271 589 299 610 “
319 584 411 639 Qui
431 585 528 628 Rex
548 585 771 635 summus’ss
791 586 864 635 ait,
888 584 1222 641 “ludimagister
1240 585 1381 628 erit?”

214 649 262 695 Si
282 659 548 708 peccatorum
569 667 698 707 quem
718 651 907 708 poenitet‚
927 658 1058 706 atque
1077 650 1258 694 salutem

269 715 509 761 concredat
530 716 703 762 Christo
721 732 805 759 non
826 716 1016 759 variante
1045 716 1143 767 fide,
1492 722 1600 762 1120

213 781 367 826 Salvus
386 783 479 833 erit,
501 783 628 826 sacris
648 783 683 826 ei
711 783 774 826 sas
793 790 859 826 est
877 782 1047 826 credere
1065 781 1197 825 libris.

269 848 439 892 Durum
461 857 539 900 eet,
559 849 780 892 Romanus
798 848 976 891 clericus
995 848 1132 891 omnis
1150 847 1224 891 ait.

211 913 346 958 Illene
365 915 506 958 salvus
525 915 619 965 erit,
641 915 717 971 qui
735 930 820 958 non
840 913 1044 971 intelligit
1063 921 1207 956 utrum

267 979 466 1025 Christus
484 981 610 1024 homo
629 981 761 1023 fuerit
779 980 931 1030 flmtus,
951 995 1008 1022 an
1027 979 1244 1023 induerit?

210 1045 300 1101 Qui
314 1047 498 1103 yenitum
515 1061 593 1089 esse
611 1046 763 1102 nequit
780 1046 1042 1103 distinguere
1062 1047 1117 1089 ab
1136 1061 1215 1088 esso
1225 1046 1469 1103 profectum,

267 1112 364 1155 Aut
381 1111 518 1156 nescit
535 1112 706 1169 genitus
726 1111 802 1167 qui
822 1111 943 1155 Deus
962 1127 1052 1155 esse
1073 1112 1244 1168 potest?

211 1176 261 1223 Si
279 1177 407 1221 datur
425 1178 506 1221 hoc
524 1178 656 1230 laicis,
676 1178 837 1221 frustra
855 1186 921 1222 est
940 1178 1148 1235 sapientia
1167 1185 1336 1221 nostra:

266 1243 422 1300 Atque
441 1244 602 1287 animas
622 1251 788 1287 nostras
806 1259 983 1301 corpora
1001 1259 1139 1287 crassa
1157 1251 1324 1302 regent.

210 1314 239 1335 “
260 1308 467 1361 Semina”,
488 1309 688 1354 Christus
707 1310 782 1361 ait,
804 1315 830 1335 “
851 1311 962 1353 bona
981 1309 1155 1366 quidam
1174 1317 1340 1354 severat
1357 1311 1470 1354 arvis

268 1381 297 1402 “
310 1376 528 1434 Agricola,
548 1384 594 1420 at
612 1377 787 1420 veniens
806 1392 907 1420 mox
925 1376 1123 1420 inimicus
1142 1376 1281 1428 homo,
1487 1380 1598 1420 1130

209 1447 238 1467 “
257 1441 400 1486 Nocte
418 1443 568 1493 latens,
589 1458 692 1501 agro
711 1443 871 1485 zizania
890 1442 1001 1486 sevit
1019 1442 1178 1486 eodem.

265 1514 294 1534 “
315 1509 368 1551 In
387 1515 573 1566 segetem
592 1524 736 1552 semen
756 1509 891 1552 crevit
918 1517 1150 1565 utrumque
1169 1509 1308 1552 simul.

209 1580 236 1600 “
256 1574 467 1618 Mirantes
486 1575 610 1626 servi,
631 1575 836 1631 dubiique
857 1575 960 1631 quid
980 1583 1092 1618 essct
1109 1576 1336 1632 agendum,

265 1645 294 1666 “
313 1639 382 1684 Ut
399 1656 489 1684 moe
508 1649 586 1692 est,
608 1641 825 1684 dominum
846 1641 1095 1684 consuluere
1115 1657 1253 1684 suum.

209 1712 237 1732 “
256 1712 270 1733 ‘
289 1706 486 1751 Evelline
500 1708 627 1763 jubes
646 1707 748 1750 istas
766 1706 969 1750 radicitus
988 1706 1173 1750 herbas?

265 1778 295 1799 “
309 1779 323 1799 ‘
342 1772 430 1816 Vel
449 1773 485 1816 si
504 1789 591 1817 non
612 1773 752 1830 placet
771 1773 864 1824 hoc,
883 1773 1015 1816 dicito
1035 1773 1141 1829 qnid
1159 1773 1366 1817 facimus'.

207 1845 236 1865 “
257 1839 350 1891 Ille,
371 1845 385 1865 ‘
403 1839 530 1883 simul
549 1847 742 1883 crescant
759 1840 862 1882 dum
881 1839 1028 1882 messis
1047 1839 1237 1890 venerit',
1255 1839 1412 1896 inquit,

264 1911 293 1932 ‘⁶
312 1911 326 1931 ‘
345 1905 446 1964 Igni
464 1905 687 1949 fasciculos
706 1905 804 1948 inde
825 1912 969 1962 parate
989 1905 1133 1948 meo'.”

206 1972 446 2017 Haereticos
466 1971 666 2017 Christus
685 1979 804 2015 vetat
822 1971 901 2015 hac
920 1973 1000 2015 sub
1014 1971 1197 2029 imagine
1215 1971 1311 2016 tolli

264 2039 387 2083 Ante
405 2039 517 2083 diem
537 2046 790 2089 extremum,
804 2038 1102 2095 judiciumque
1121 2038 1222 2082 Dei.
1484 2042 1595 2081 1140

205 2111 235 2132 “
254 2104 475 2150 Doctrinae
496 2113 648 2148 vestrae
669 2104 705 2148 si
725 2105 859 2148 frater
886 2104 998 2148 forte
1016 2111 1240 2162 repugnet,

263 2177 293 2197 “
310 2171 504 2215 Molliter
523 2171 638 2214 hunc
658 2171 799 2214 verbis
826 2170 1027 2222 instrue”,
1043 2169 1205 2214 Paulus
1224 2170 1308 2214 ait:

207 2242 235 2263 “
256 2237 303 2281 Si
323 2237 444 2281 Dens
464 2237 579 2280 illius
598 2237 704 2280 velit
722 2236 966 2280 illucescere
985 2237 1133 2287 menti,

263 2308 292 2329 ‘⁶
310 2303 383 2347 Ne
402 2318 488 2347 non
507 2303 698 2346 inveniat
715 2303 854 2360 gratia
872 2318 966 2347 sera
983 2302 1163 2346 locum”.

206 2368 311 2413 Non
329 2369 474 2427 magui
492 2369 629 2413 fecere
649 2368 801 2412 Patres
819 2375 989 2412 textum
1006 2368 1135 2420 hunc,
1154 2383 1294 2424 neque
1313 2369 1451 2412 multo

262 2434 408 2479 Pluris
425 2435 487 2479 eie
505 2442 634 2479 reetae
653 2435 723 2479 lex
743 2434 918 2478 rationis
937 2442 1040 2478 erat.

207 2499 402 2543 Maxime
419 2500 591 2556 quando
609 2516 704 2544 meo
723 2516 818 2544 mea
835 2516 903 2544 res
921 2500 979 2544 eit
996 2500 1161 2557 agenda
1177 2500 1348 2558 periclo,

264 2565 396 2610 Mene
414 2573 535 2610 vetas
553 2567 633 2618 uti,
652 2575 717 2618 tu,
737 2567 901 2611 mtione
919 2582 1014 2610 mea
1026 2567 1047 2608 ?

206 2631 426 2675 Daemonie
444 2632 600 2676 inferni
618 2633 655 2675 si
674 2640 718 2677 te
736 2633 844 2677 duce
862 2633 984 2676 labor
1001 2633 1046 2676 in
1066 2632 1223 2688 ignem,

265 2697 415 2753 (Quod
434 2713 489 2742 ne
507 2699 730 2756 continget
747 2699 889 2743 neecio
909 2698 1013 2755 quid
1032 2698 1263 2756 prohibet),
1483 2701 1592 2740 1150

209 2763 416 2820 Praecipit
435 2770 487 2807 ut
503 2763 684 2808 redimas
701 2764 773 2808 lex
791 2764 907 2821 aequi
925 2779 1101 2821 corpore
1119 2779 1286 2822 coi-pue,

266 2829 439 2884 Proque
459 2828 597 2872 salute
614 2843 711 2872 men
727 2829 902 2886 perdere
923 2829 1033 2872 velle
1051 2836 1185 2872 tuam.

208 2895 319 2940 Haec
337 2895 472 2939 dictat
490 2894 612 2946 ratio,
632 2894 669 2938 si
687 2905 823 2952 coget.
883 2894 973 2939 Det
993 2895 1096 2938 mihi
1116 2894 1192 2951 qui
1212 2893 1307 2938 vult

1458 651 1525 666 Q
