1982 3204
752 243 1198 278 ECCLESIASTICA.

282 351 371 407 Qui
391 353 522 396 servit
541 353 665 403 clero,
686 354 762 409 qui
782 354 895 397 clero
914 353 1073 410 praedia
1092 354 1235 404 donat,

337 418 465 463 Clero
485 420 727 476 magnificas
747 420 1010 475 aedificatque
1030 420 1190 470 domos,

277 483 324 527 Is
344 485 439 542 pius
457 493 535 536 est,
556 486 787 542 divumque
807 486 907 529 olim
929 485 1137 528 reseretur
1156 486 1200 529 in
1220 486 1389 530 album:

335 553 523 595 AEterna
541 560 607 595 est
626 552 710 595 illis
730 552 819 595 vita
838 552 883 594 in
904 551 1200 609 Ephemeride.

276 615 408 673 Papa,
429 617 529 660 licet
549 617 710 675 rigidus
730 617 863 661 divini
886 625 1059 660 exactor
1077 617 1249 661 honoris

333 681 380 724 N
381 698 437 726 on
457 691 560 734 erat,
581 692 626 726 et
646 683 811 726 facilem
832 683 1034 740 praestitit
1052 698 1142 726 esse
1164 682 1329 734 Fidem,

276 747 322 791 N
323 763 379 792 on
399 749 461 792 ita
478 749 668 806 neglexit
688 749 849 806 placide
869 764 945 792 sua
958 749 1058 805 jura
1076 756 1122 791 et
1147 748 1375 792 honorem:

334 813 419 858 Sed
439 829 641 864 summus,
663 814 698 856 si
719 813 815 869 quis
835 814 1023 870 deroget,
1044 813 1160 856 ultor
1177 821 1280 857 erat.

274 879 427 923 Gentis
447 880 703 923 Anastasius
722 880 928 923 Romanae
948 887 1041 922 erat
1060 878 1356 937 Induperator,

330 945 409 988 Ille
429 954 570 989 tamen
593 961 710 989 sacro
730 946 908 989 fulmine
929 953 1070 988 tactus
1089 953 1193 989 erat.

271 1009 393 1056 Cur?
423 1012 538 1066 Quia
557 1027 704 1068 passus
723 1019 815 1055 erat
835 1012 983 1055 violari
1004 1011 1360 1056 Chalcedonensis

327 1077 547 1121 Articulos
570 1077 745 1135 Synodi‚
767 1078 921 1135 saepius
940 1078 1196 1121 admonitus.

271 1142 357 1188 Sed
377 1145 624 1187 confirmata
644 1151 711 1188 est
734 1144 932 1201 Synodus
952 1145 1032 1187 sub
1051 1144 1313 1195 Justiniano,

327 1209 555 1254 Haereticae
574 1210 673 1254 fidei
695 1210 981 1266 terribilisque
1001 1210 1099 1254 fuit,

266 1274 468 1332 Namque
489 1277 524 1320 is
545 1276 805 1334 Theiologus
824 1276 975 1319 doctus
994 1275 1194 1332 cupiebat
1212 1274 1371 1326 haberi,

324 1342 478 1399 Atque
497 1358 575 1386 suo
594 1343 789 1400 princeps
810 1341 969 1386 Codice
988 1342 1139 1398 plenus
1158 1348 1265 1384 erat.

266 1407 348 1451 nle
367 1409 469 1451 tulit
488 1409 603 1466 leges
623 1409 797 1465 primus,
820 1408 975 1464 quibus
995 1407 1179 1457 haeresis,
1200 1406 1282 1450 etsi

323 1474 522 1532 congrua
543 1474 788 1531 Scripturis,
804 1481 940 1516 morte
955 1473 1111 1515 luenda
1129 1473 1254 1515 foret.

264 1539 347 1584 Ille
365 1541 445 1584 sibi
465 1548 510 1584 et
530 1540 660 1598 Papis
681 1540 837 1583 multos
850 1539 1069 1597 jugulavit
1088 1539 1301 1590 honestos,

322 1605 483 1661 Quales
502 1622 579 1650 nos
599 1607 724 1650 hodie
743 1606 937 1656 dicimur,
958 1605 1191 1648 haereticos

261 1671 344 1716 Ille
363 1680 481 1716 metu
500 1673 640 1724 solvit,
661 1673 847 1716 detraxit
867 1672 1085 1727 fraenaque
1106 1671 1248 1729 Papis,

320 1738 523 1796 Expulsis
543 1739 717 1782 Ghottis
736 1738 907 1795 regibus
929 1737 1066 1780 Italia.

261 1803 342 1848 me
361 1812 615 1862 potestatem
637 1805 840 1861 Papalem
861 1804 1124 1861 spiritualem

319 1869 504 1921 Inflavst,
525 1870 656 1927 pestis
676 1885 773 1926 quae
793 1870 878 1912 fuit
898 1869 1074 1926 imperii.

258 1935 391 1979 Alter
409 1937 637 1980 damnabat
656 1945 837 1986 sanctos,
854 1936 1060 1992 spoliabat
1079 1941 1125 1978 et
1142 1934 1272 1977 alter:

313 2001 515 2060 Regnum
536 2002 655 2060 Papa
674 2010 849 2059 petens3
881 2017 970 2052 rex,
989 2008 1041 2044 ut
1059 2015 1224 2050 avarus,
1244 2014 1358 2056 opes.

253 2067 444 2125 Jamque
463 2069 604 2112 animo
624 2068 755 2126 Papae
774 2068 894 2111 dolor
913 2067 1064 2110 unicus
1083 2066 1216 2117 haesit,
1236 2066 1391 2110 habere

312 2133 684 2192 Constantinopoli
703 2135 924 2192 praesulem
944 2134 1103 2177 honore
1123 2148 1279 2190 parem.

254 2200 463 2245 Attamen
481 2201 669 2244 obtinuit
688 2201 814 2258 paulo
835 2207 943 2258 post,
963 2199 1154 2257 principe
1179 2198 1337 2249 Phoca,

311 2265 550 2310 Primatum
570 2267 623 2310 ad
644 2275 809 2310 nostros
829 2281 957 2322 quem
978 2273 1099 2309 tenet
1118 2279 1254 2321 usque
1273 2264 1376 2308 dies.

254 2329 372 2375 Nam
390 2347 468 2376 rex
488 2332 684 2376 Tiberius
704 2332 906 2376 successit
924 2331 958 2375 J
960 2331 1187 2382 ustimano

313 2396 398 2442 Cui
416 2399 548 2442 vitzm
567 2398 753 2455 dempsit
771 2407 1023 2455 sceptraque
1043 2396 1302 2447 Mauritius;

254 2461 462 2508 Mauritio
480 2463 675 2514 Phocas3
708 2464 951 2521 Phocaeque
973 2462 1200 2507 Heraclius
1219 2463 1363 2507 armis.

310 2529 540 2573 Proditor
528 2546 565 2574 is
584 2530 681 2581 fuit,
701 2530 772 2574 hic
790 2529 1100 2574 mounothelita
1119 2529 1216 2572 fuit.

253 2594 418 2639 Phocus
438 2594 684 2640 catholicus
703 2597 931 2653 primatum
951 2595 1214 2652 spiritualem

309 2660 440 2717 Papae
459 2661 676 2712 concessit,
697 2661 894 2719 participi
913 2660 1094 2704 sceleris.

253 2726 359 2769 Plus
378 2726 492 2769 ultra
508 2726 615 2770 nihil
633 2735 711 2771 est.
772 2727 859 2770 Res
877 2735 944 2771 est
962 2726 1167 2770 altissima
1186 2725 1311 2769 terris

310 2793 440 2850 Papa,
461 2792 541 2836 sibi
561 2793 676 2836 visus
694 2793 767 2836 vix
786 2793 924 2836 minor
943 2807 1033 2835 esse
1054 2792 1161 2835 Deo.

1574 241 1671 284 389

1463 653 1534 669 Q

1556 688 1665 727 1500

1546 1343 1656 1400 1510

1536 2002 1647 2042 1520

1525 2660 1636 2700 1530
