1982 3204
692 269 1138 306 nccnasus‘nca.
1517 264 1612 309 405

227 378 381 435 Deque
401 377 510 423 Fido
530 378 662 423 sensit
681 394 778 437 quse
797 394 912 423 nunc
932 379 1124 424 Ecclesia
1143 381 1273 424 sentit

285 442 447 488 Nostra
466 445 582 495 sere;
613 461 699 489 non
719 453 785 490 est
802 461 917 489 nunc
936 461 1048 490 nova
1067 453 1211 490 nostra
1230 446 1371 490 Fides.
1503 450 1616 491 2100

229 510 321 555 Nec
339 526 487 555 sensus
506 527 675 556 narrare
696 527 794 556 suos
813 514 1031 556 metuebat
1054 512 1212 563 amicis,

288 577 514 621 Haereticis
534 594 776 635 quanquam
798 586 902 623 tunc
920 594 1049 636 grave
1070 586 1238 636 tempus
1257 586 1359 623 erat.

228 642 348 699 Ergo
368 659 443 700 per
462 644 732 687 innumerum
753 644 957 701 populum
977 644 1170 687 doctrina
1189 644 1332 688 volare
1450 654 1517 670 '⁸

287 709 451 761 waldi,
473 717 518 753 et
537 710 742 767 paulatim
763 725 949 754 crescere
969 726 1069 754 vera
1088 710 1244 754 Fides:

230 774 381 819 Donec
400 776 453 819 ad
473 776 693 833 ingentem
713 776 938 832 strepitum
960 776 1190 833 perculsus,
1210 777 1256 820 in
1274 776 1369 820 illos

289 841 473 885 Immisit
491 857 612 899 reges
631 841 751 898 Papa
770 842 1011 898 quibusque
1031 857 1142 885 suos.

229 907 486 952 waldenses
506 908 677 950 tandem
697 907 823 950 multi
843 907 943 950 anni
963 907 1110 964 praelia
1127 908 1264 951 multa

287 973 538 1017 Extinxere.
597 972 683 1016 Dei
701 988 787 1016 non
807 973 898 1016 sine
917 973 1103 1017 consilio.

231 1039 428 1095 Namque
447 1039 599 1082 animis
618 1038 838 1082 hominum
858 1046 964 1083 tunc
983 1039 1145 1083 semina
1156 1041 1274 1098 jacta
1293 1041 1426 1092 suere,

289 1104 400 1160 Quae
420 1112 598 1162 surgent
616 1104 748 1162 Papis
767 1105 946 1148 exitiosa
965 1121 1098 1163 seges.
1501 1110 1615 1151 2110

231 1171 430 1216 Territus
449 1171 515 1214 his
534 1171 672 1214 turbis
693 1171 828 1214 multo
849 1171 1059 1215 crudelior
1078 1171 1193 1215 exit:

291 1237 547 1295 Suspectum
567 1237 757 1281 haeretici
777 1237 948 1281 nomine
969 1253 1183 1294 quemque
1202 1238 1326 1295 rapit.

233 1304 488 1361 Suspectum
508 1305 703 1361 abjurare
723 1304 839 1354 facit,
861 1304 897 1347 si
917 1305 1037 1347 vult:
1069 1305 1139 1348 vel
1158 1307 1212 1349 ab
1231 1305 1343 1363 igne,

292 1369 339 1414 Si
359 1385 445 1413 non
464 1370 572 1421 vult,
594 1370 718 1414 vivus
738 1370 923 1414 vertitur
941 1370 987 1413 in
1007 1371 1179 1415 cineres.

234 1436 319 1491 Qui
338 1436 444 1480 falso
463 1437 644 1494 abjurat,
664 1437 908 1494 resipiscere
929 1437 1109 1481 dicitur:
1132 1445 1178 1482 at
1196 1438 1232 1482 si

293 1502 436 1558 Quem
449 1503 682 1559 juramenti
702 1503 895 1560 poenitet,
915 1503 987 1547 ifle
1007 1504 1131 1561 perit.

234 1570 319 1612 Sec.
352 1569 512 1613 Nonne
531 1570 687 1626 quibus
707 1570 879 1620 vellent,
901 1577 1134 1627 potuerunt
1153 1586 1323 1628 parcere
1342 1573 1494 1630 reges?

291 1636 371 1678 Pr.
403 1634 519 1678 Non.
581 1635 685 1679 Non
704 1636 933 1679 credebant
946 1636 1056 1692 juris
1075 1636 1119 1679 id
1139 1652 1229 1681 esse
1248 1638 1328 1681 sui.

233 1700 297 1745 Et
314 1717 414 1745 mox
434 1701 612 1745 coneilio
631 1702 769 1759 legem
791 1702 892 1745 tulit
910 1702 957 1746 in
976 1703 1205 1756 Laterano,

291 1767 364 1812 Ne
384 1768 480 1824 quis
499 1783 575 1811 rex
590 1778 701 1811 esset
719 1768 835 1811 mitis
854 1769 900 1811 in
920 1769 1164 1813 haereticos:
1509 1775 1624 1815 2120

237 1833 349 1890 Qua,
369 1835 451 1877 nisi
470 1842 566 1892 post
586 1851 745 1878 annum
766 1836 952 1879 monitus
973 1837 1220 1894 purgaverit
1239 1838 1376 1882 omnis

295 1901 516 1944 Haereseos
536 1917 730 1958 regnum,
751 1902 1011 1958 dejiciendus
1031 1910 1133 1946 erat.

236 1967 337 2011 Hoc
356 1975 433 2018 est,
455 1968 491 2010 si
511 1983 632 2024 reges
652 1967 783 2024 Papis
802 1983 949 2025 parere
968 1976 1178 2021 recusent,

294 2033 474 2079 Civibus
493 2035 687 2091 obsequii
706 2035 877 2078 vincula
894 2035 1013 2078 nulla
1031 2036 1148 2080 fient.

238 2099 339 2155 Quo
358 2109 533 2158 potuere
553 2102 646 2145 loco
666 2102 802 2145 securi
822 2101 966 2146 vivere
985 2117 1120 2160 reges,

296 2166 408 2212 Cum
428 2169 663 2225 percussori
682 2168 753 2211 lex
771 2167 892 2211 daret
910 2168 993 2211 ista
1011 2168 1170 2211 sicam?

241 2231 326 2278 Sed
345 2233 491 2277 solitos
510 2234 667 2291 repetit
686 2248 860 2276 securus
881 2232 999 2290 Papa
1018 2233 1269 2290 triumphos,

297 2299 371 2343 Ad
389 2315 543 2343 nomen
564 2315 824 2356 quamquam
844 2300 997 2356 palluit
1015 2300 1214 2343 hoeretici.

240 2364 410 2410 Caetera
427 2365 550 2410 fortis
569 2373 674 2417 erat,
695 2380 941 2422 vacuusque
961 2366 1274 2423 superstitione.

298 2430 376 2474 An
395 2431 547 2475 Romae
564 2432 724 2475 clerum
745 2438 911 2488 spectra
931 2432 1078 2475 timere
1098 2432 1257 2489 putas?
1514 2433 1628 2473 2130

241 2494 420 2540 Illorum
439 2512 564 2541 nemo
583 2505 660 2548 est,
681 2497 810 2541 etiam
829 2497 919 2540 sine
938 2512 1052 2553 aqua
1069 2497 1304 2548 benedicta,

302 2561 392 2617 Qui
410 2562 581 2606 dubitat
598 2570 729 2607 noctu
748 2562 878 2614 solus,
899 2570 944 2606 et
963 2563 1009 2605 in
1027 2563 1229 2614 tenebris,

246 2627 322 2673 Ad
340 2627 638 2672 defunctorum
657 2635 932 2673 monumenta
951 2629 1168 2685 quiescere
1187 2644 1332 2678 sacra;

302 2693 444 2750 Inque
463 2693 605 2751 adytis
622 2694 786 2752 templi,
806 2694 843 2738 si
855 2695 983 2751 jubet
1000 2694 1181 2738 utilitas.

246 2759 333 2804 Sed
351 2767 551 2803 metuunt
569 2761 724 2817 potius,
738 2775 792 2804 ne
811 2775 889 2804 nos
907 2775 958 2804 ea
975 2775 1063 2803 non
1081 2766 1342 2803 metuamus:

303 2825 403 2870 Hoc
422 2833 500 2878 est,
520 2826 754 2878 haereticos,
773 2834 904 2883 atque
923 2834 1082 2884 patere,
1102 2826 1268 2869 timent.

246 2892 332 2936 Soc.
364 2891 457 2937 Cur
475 2907 561 2937 non
579 2892 625 2936 in
644 2892 804 2937 clerum
822 2892 940 2937 laicis
959 2892 1108 2938 saevire
1128 2891 1335 2935 Latinum
