1982 3204
134 952 149 980 1

153 956 195 980 ter

133 1000 198 1066 εἰεί)

135 1039 198 1110 81ῗί

134 1125 211 1154 eciffi

186 867 276 894 CAP.
298 868 337 893 X.

167 912 360 936 g-qf-—ae

187 952 314 1023 oumdes

212 1130 292 1154 eneis

316 951 373 979 111

419 278 508 322 194
715 286 1004 321 PRINCIPIA
1033 287 1099 320 ET
1126 285 1500 320 PROBLEMATA

994 488 1136 536 CAP.
1162 488 1226 535 X.

416 601 606 649 Iterum
631 600 692 648 de
715 599 893 648 solidis
917 606 965 646 et
995 615 1157 646 eorum
1194 595 1550 661 superficiebus
1586 594 1809 643 methodo

737 675 861 731 alia,
876 691 977 739 per
996 690 1178 722 causas
1203 673 1487 735 efficientes,

1006 780 1222 815 LEMMA.

416 852 610 901 AGENS
648 850 898 914 operando
935 850 1246 898 uniformiter
1282 848 1398 895 dato
1430 854 1666 910 tempore,
1692 860 1814 909 opus

376 927 728 990 adesignatum
765 926 1040 990 perficiens,
1066 925 1107 972 si
1145 923 1380 986 temporis
1422 922 1551 970 illius
1590 921 1815 985 partibus

242 1004 353 1066 ¹¹:321?
345 994 401 1065 (ζέο
417 1003 659 1067 aliquibus
685 1002 883 1065 quidem
908 1009 1154 1065 operetur,
1179 999 1419 1063 aliquibus
1445 1005 1609 1045 autem
1633 1004 1815 1044 cesset.

195 1048 271 1119 ,uper
296 1090 401 1110 causas

419 1094 541 1142 opus
566 1078 699 1142 quod
731 1078 786 1125 fit
810 1077 874 1125 ad
908 1092 1031 1140 opus
1066 1075 1199 1139 quod
1233 1074 1526 1137 relinquitur
1558 1072 1815 1130 infectum,

419 1154 515 1203 erit
537 1162 592 1202 ut
615 1161 807 1216 tempus
831 1153 882 1200 in
918 1168 1015 1215 quo
1050 1159 1282 1215 operatur
1313 1149 1376 1198 ad
1414 1158 1608 1212 tempus
1644 1148 1695 1195 in
1719 1163 1816 1211 quo

421 1237 594 1278 cessat.
662 1227 887 1291 Exempli
911 1242 1086 1275 causa:
1131 1226 1173 1273 si
1210 1241 1328 1288 ager
1363 1224 1506 1272 datus
1530 1218 1819 1272 continuata

420 1304 707 1369 operatione
726 1311 893 1351 aretur
915 1310 1049 1350 totus
1073 1301 1261 1349 triduo=
1288 1300 1465 1348 deinde
1485 1299 1525 1348 si
1542 1299 1692 1347 biduo
1712 1307 1818 1347 tan·

420 1389 526 1429 tum
558 1386 740 1437 aretur,
765 1378 844 1426 die
867 1394 967 1425 uno
992 1384 1235 1425 cessetur:
1270 1375 1322 1423 id
1345 1374 1478 1438 quod
1501 1375 1594 1423 erit
1624 1381 1819 1422 aratum

421 1456 485 1504 ad
508 1455 561 1503 id
583 1453 715 1518 quod
738 1453 1033 1516 relinquitur
1063 1453 1325 1507 inaratum,
1350 1451 1446 1498 erit
1477 1457 1533 1498 ut
1555 1456 1584 1498 2
1610 1449 1674 1498 ad
1706 1456 1746 1508 1,
1770 1456 1821 1497 et

423 1530 557 1595 quod
581 1529 820 1578 arandum
845 1528 1197 1591 designabatur
1215 1527 1308 1575 erit
1331 1526 1395 1574 ad
1418 1534 1611 1574 aratum
1633 1532 1689 1574 ut
1709 1531 1738 1573 3
1757 1524 1822 1573 ad

423 1614 471 1666 2,
496 1614 546 1655 et
570 1605 634 1653 ad
673 1605 918 1653 inaratum
949 1610 1007 1651 ut
1031 1609 1061 1651 3
1086 1602 1149 1651 ad
1179 1609 1220 1651 l.
1305 1601 1556 1659 Similiter,
1581 1608 1820 1666 quantum

424 1682 660 1731 continua
694 1688 744 1729 et
771 1679 1005 1728 uniformi
1045 1695 1194 1742 opera
1230 1694 1382 1742 agens
1416 1677 1567 1725 efficit
1601 1685 1822 1742 tempore

425 1773 734 1820 quocunque,
778 1755 1070 1803 tantundem
1112 1754 1262 1802 efficit
1298 1769 1449 1817 opera
1489 1753 1635 1801 simili
1670 1768 1822 1816 agens

425 1833 645 1896 duplum,
668 1833 708 1880 si
734 1831 936 1879 dimidio
961 1830 1183 1894 ejusdem
1218 1829 1456 1893 temporis
1480 1836 1727 1892 operetur,
1753 1828 1822 1876 di-

425 1908 578 1957 midio
605 1915 776 1956 cesset.

493 1984 752 2041 Praeterea,
777 1991 1015 2046 quantum
1039 1981 1230 2045 agentis
1260 1981 1391 2029 inter
1413 1979 1716 2044 operandum
1737 1975 1824 2043 pe-

424 2059 507 2118 rit,
531 2059 822 2107 tantundem
846 2057 1145 2106 censendum
1169 2065 1244 2105 est
1268 2057 1465 2106 cessari.
1534 2056 1701 2121 Atque
1715 2056 1823 2104 baec

425 2134 609 2182 lumine
633 2133 846 2181 naturali
869 2132 1131 2180 manifesta
1161 2139 1290 2180 sunt.

494 2224 532 2257 1.
569 2209 791 2273 Cylindri
819 2208 942 2256 recti
966 2224 1186 2256 convexa
1210 2207 1491 2271 superficies
1524 2206 1725 2270 aequalis
1749 2212 1825 2254 est

429 2285 541 2334 coni
581 2285 703 2333 recti
726 2284 1001 2348 superficiei
1039 2283 1266 2331 habentis
1298 2283 1505 2331 eandem
1537 2298 1651 2330 cum
1674 2281 1823 2346 cylin-

430 2361 521 2409 dro
543 2361 727 2418 basem,
753 2358 1065 2407 altitudinem
1089 2374 1207 2406 vero
1232 2358 1448 2422 duplam.

498 2436 574 2485 Sit
597 2436 725 2483 enim
753 2434 1004 2498 cylindrus
1021 2435 1122 2497 (fig.
1142 2435 1195 2496 x)
1218 2434 1394 2482 ABCD
1420 2432 1576 2497 qualis
1593 2432 1825 2496 proponi·

428 2518 526 2570 tur,
552 2511 690 2574 cujus
713 2510 842 2558 basis
866 2517 941 2557 est
966 2508 1049 2556 BC
1073 2508 1300 2556 circulus.
1344 2508 1432 2556 Est
1457 2515 1623 2556 autem
1647 2507 1824 2555 ABCD

431 2586 738 2652 quadratum.
796 2583 1056 2632 Dividatur
1080 2583 1373 2647 quadratum
1398 2583 1575 2631 ABCD
1598 2582 1826 2631 bifariam

431 2679 462 2712 a
492 2669 630 2710 recta
654 2661 746 2709 GH
774 2659 1007 2723 parallela
1030 2658 1175 2707 lateri
1202 2658 1303 2715 ΑΒ,
1329 2666 1380 2706 et
1402 2657 1706 2721 producatur
1729 2656 1824 2706 GH

430 2739 483 2787 in
502 2738 548 2787 K
571 2738 642 2785 ita
665 2743 720 2784 ut
744 2736 834 2784 GK
859 2734 1008 2798 dupla
1031 2734 1095 2782 sit
1119 2734 1231 2782 GH.
1281 2734 1566 2797 Jungantur
1590 2733 1697 2792 ΒΚ,
1717 2732 1826 2789 Kc,

432 2823 483 2862 et
508 2813 619 2871 BH,
644 2812 752 2861 CH.
825 2811 1024 2859 Habent
1067 2825 1186 2873 ergo
1227 2809 1522 2872 quadratum
1562 2808 1740 2857 ABCD
1776 2814 1828 2856 et

431 2888 730 2952 triangulum
758 2886 890 2935 BKC
914 2884 1121 2934 eandem
1142 2885 1341 2933 basem:
1377 2884 1465 2933 sed
1488 2884 1638 2948 dupla
1659 2890 1734 2932 est
1756 2883 1828 2931 al-

434 2963 595 3014 titudo
630 2962 863 3027 trianguli
902 2961 1035 3010 BKC
1074 2960 1348 3009 altitudinis
1381 2960 1609 3024 quadrati
1633 2958 1826 3008 ABCD.
