1982 3204
376 238 473 296 218
778 266 1094 300 TRAc'rA'rns
1122 267 1371 302 OPTICUS.

85 389 357 416 mpommsns.
380 374 512 436 quod
545 381 703 423 motus
743 385 1076 440 propagatur3
1114 378 1293 424 sufficit
1317 377 1446 425 enim
1484 385 1539 425 ut
1579 393 1765 441 parum,

378 450 477 497 imo
503 450 850 499 insensibiliter
875 460 1077 509 motum,
1103 452 1364 515 protrudat
1388 452 1439 500 id
1462 453 1594 516 quod
1622 469 1767 517 prox-

378 524 473 572 ime
496 525 660 574 adstat
680 547 691 582 ;
727 542 841 574 nam
877 527 927 574 id
954 527 1085 590 quod
1108 527 1287 586 adstat,
1312 528 1504 591 pulsum
1530 545 1618 577 suo
1643 529 1765 586 loco,

376 600 514 663 pellit
549 618 739 665 quoque
776 602 908 666 quod
949 611 1022 650 est
1061 604 1339 666 proximum
1381 604 1488 661 sibi,
1520 612 1667 668 atque
1708 620 1765 652 eo

376 676 523 724 modo
544 685 704 725 motus
728 678 1078 741 propagabitur
1101 686 1338 742 quantum
1361 679 1575 728 libueris.

441 766 517 800 lv.
553 753 792 800 Lucidum
810 769 954 801 omne
971 753 1284 817 undiquaque
1309 770 1338 801 a
1358 755 1601 817 quotlibet
1623 754 1767 803 simul

374 827 720 891 aspicientibus
745 828 899 876 videri
922 836 1099 891 potest.

441 918 491 950 v.
531 902 751 951 Medium
786 904 943 951 rarius
983 919 1104 951 voco
1138 904 1268 968 quod
1307 905 1464 953 minus
1497 913 1766 953 contumax

375 986 449 1025 est
489 978 719 1027 adversus
765 987 953 1027 motum
995 979 1358 1042 recipiendum:
1398 980 1594 1029 densius
1634 980 1767 1044 quod

375 1053 544 1116 magis.
636 1054 814 1101 Aerem
860 1060 1024 1101 autem
1070 1054 1306 1102 rariorem
1354 1071 1574 1119 suppono
1617 1071 1764 1119 quam

374 1144 565 1191 aquam,
590 1145 737 1192 quam
757 1129 951 1187 vitrum,
977 1145 1122 1192 quam
1148 1130 1431 1178 cristallum.

868 1321 1199 1354 PROPOSITIO
1239 1320 1275 1355 1.

377 1413 525 1462 Omne
564 1415 776 1463 lucidum
816 1414 1002 1462 dilatat
1041 1431 1110 1472 se,
1152 1415 1467 1478 tamese-itque
1507 1414 1558 1462 in
1599 1414 1763 1463 molem

438 1491 686 1554 majorem,
712 1491 983 1554 iterumque
1005 1490 1256 1538 contrahit
1278 1506 1347 1549 se,
1359 1496 1658 1554 perpetuam
1676 1491 1764 1539 ha-

443 1565 560 1614 bens
583 1565 815 1630 systolem
838 1572 886 1613 et
909 1565 1184 1614 diastolem.

437 1657 681 1706 Quoniam
714 1658 845 1706 enim
881 1657 988 1721 (per
1025 1657 1318 1721 hypothesin
1355 1657 1600 1721 quartam)
1640 1657 1762 1706 luci-

370 1732 486 1780 dum
521 1749 664 1781 omne
699 1734 842 1781 simul
877 1733 1190 1796 undiquaque
1213 1733 1424 1792 videtur,
1449 1733 1570 1782 visio
1595 1741 1761 1782 autem

374 1808 482 1871 (per
519 1809 828 1872 hypothesim
864 1809 1150 1870 secundam)
1177 1810 1265 1858 fiat
1292 1810 1353 1857 ab
1377 1809 1572 1857 actione
1594 1807 1759 1869 lucidi,

369 1892 418 1932 et
437 1891 510 1932 est
538 1884 646 1948 (per
669 1885 979 1948 hypothesim
1002 1885 1230 1947 primam)
1260 1885 1419 1932 omnis
1443 1884 1573 1932 actio
1598 1891 1760 1932 motus

369 1959 539 2007 localis
562 1959 614 2007 in
650 1967 850 2024 agente:
886 1960 1120 2023 sequitur,
1157 1976 1261 2008 esse
1297 1961 1349 2008 in
1383 1960 1547 2008 lucido
1570 1968 1759 2008 motum

366 2050 534 2082 versus
558 2051 726 2083 omnes
749 2043 910 2098 partes
934 2036 1093 2084 simul.
1164 2036 1294 2086 Quia
1317 2051 1432 2084 vero
1453 2034 1618 2083 lucida
1641 2034 1758 2083 dum

367 2110 597 2159 videntur
621 2127 719 2159 non
751 2111 1100 2175 disperguntur
1134 2127 1288 2174 usque
1326 2110 1390 2159 ad
1413 2110 1581 2158 oculos
1615 2109 1759 2158 undi-

366 2201 560 2250 quaque
577 2186 876 2234 videntium:
902 2187 971 2234 sic
997 2187 1128 2234 enim
1150 2186 1474 2250 perderentur
1494 2204 1505 2232 :
1531 2192 1684 2234 restat
1700 2193 1757 2234 ut

366 2269 530 2325 partes
553 2261 704 2310 lucidi
727 2277 847 2325 quas
872 2269 1118 2310 ostensum
1149 2270 1225 2309 est
1247 2261 1432 2310 moveri
1456 2276 1624 2309 versus
1647 2277 1754 2310 om-

366 2353 453 2385 nes
476 2344 639 2401 partes
662 2338 821 2396 simul,
846 2353 897 2385 se
920 2338 1098 2385 iterum
1129 2336 1382 2400 recipiant.
1455 2335 1567 2384 Hoc
1590 2343 1755 2385 autem

364 2413 495 2461 idem
519 2420 593 2462 est
616 2428 673 2461 ac
692 2413 733 2462 si
757 2413 1028 2461 diceremus
1046 2419 1207 2460 totum
1229 2412 1446 2460 lucidum
1465 2417 1752 2471 tumescere,

364 2497 414 2538 et
446 2490 625 2538 iterum
656 2505 708 2538 se
739 2489 1027 2538 contrahere
1061 2488 1262 2537 alternis
1298 2487 1500 2546 vicibus,
1534 2487 1636 2536 sive
1666 2487 1754 2537 ha-

362 2565 478 2613 bere
501 2571 787 2629 perpetuam
811 2563 1045 2628 systolem
1067 2572 1118 2611 et
1141 2561 1418 2612 diastolem.
1482 2561 1629 2611 Quod
1647 2571 1753 2611 erat

362 2639 684 2704 probandum.

428 2714 636 2763 Videtur
657 2722 837 2772 autem,
857 2729 1003 2778 quam
1025 2713 1076 2762 in
1095 2712 1229 2761 omni
1251 2728 1455 2776 corpore
1478 2712 1642 2762 lucido
1667 2713 1750 2763 ob-

362 2806 611 2840 servamus
631 2798 681 2839 et
703 2789 1004 2855 appellamus
1029 2788 1441 2849 scintillationem,
1467 2789 1589 2839 nihil
1617 2788 1751 2838 aliud

360 2882 464 2917 esse
489 2882 636 2931 quam
657 2867 786 2917 hanc
809 2865 1040 2930 systolem
1062 2872 1112 2915 et
1135 2864 1407 2915 diastolem.
