1982 3204
498 277 569 311 ns
607 274 981 310 muamusus
1022 275 1197 308 reem.
1440 266 1535 310 339

152 386 401 438 Reddimus,
421 391 467 430 et
485 400 597 429 nona
613 383 667 428 de
687 398 833 427 somno
852 382 1064 440 surgimus
1084 383 1197 426 hom.

154 453 296 497 Unica
314 453 500 495 restabat
519 466 660 494 rerum
680 449 927 506 dignissima
945 448 1053 498 visu,

153 518 285 562 Haud
305 517 452 575 procul
472 516 569 559 hinc
589 515 789 573 spelunca
809 514 952 565 Pnu',
972 514 1032 557 sic
1051 514 1165 556 dicta
1183 528 1375 557 caverna.

153 584 341 643 Insignis
360 583 469 627 latro
489 582 652 632 Porus,
676 590 734 633 et,
755 581 790 624 si
810 581 978 625 credere
998 580 1123 623 samae
1458 574 1462 577 ’

154 649 385 701 Debemus,
407 649 493 692 suri
515 665 590 706 par
610 648 738 699 Cam,
758 655 803 691 et
821 648 933 691 sorte
951 661 1131 690 coaevus.
1443 655 1517 675 ’1-

154 715 253 760 Hac
268 722 369 759 usus
389 715 549 758 latebra
567 714 789 757 consuevit
806 713 949 757 vivere
968 719 1089 770 rapto
1100 728 1113 754 ε

154 781 309 838 Atque
329 782 510 825 viatores
529 780 767 837 spoliandos
781 779 934 823 ducere
954 779 1000 821 in
1022 786 1204 821 antrum.

154 846 322 892 Verum
342 855 388 891 et
407 847 447 891 ei
467 846 640 890 solenne
659 845 745 888 fiiit
763 846 1020 902 conjungere
1039 844 1167 887 furtis

156 912 353 963 Caedem;
383 913 444 956 sic
463 913 574 956 texit
593 912 750 956 scelera
768 911 1079 967 authoremque
1094 925 1284 955 caverna.

156 978 283 1024 Hanc
301 979 533 1036 inspecturi
553 978 735 1036 penitus,
756 977 932 1022 ductore
958 978 1096 1035 perito

155 1044 377 1090 caecarum
396 1052 612 1101 assumpto
631 1044 717 1087 ima
735 1045 815 1087 sub
835 1044 987 1087 tellure
1007 1044 1184 1094 viarum,

153 1110 337 1155 Eximus
355 1111 531 1168 pedites,
552 1111 702 1154 collem
725 1110 996 1167 petimusque
1015 1110 1236 1161 virentem,

153 1176 396 1220 Distantem
416 1184 562 1220 nostra
580 1177 655 1220 vix
674 1193 821 1234 passus
839 1177 956 1220 mille
975 1178 1163 1220 taberna.

153 1241 276 1301 Ipsus
294 1242 347 1285 ad
367 1242 523 1285 montis
542 1242 703 1285 radices
722 1257 906 1285 concava
926 1242 1053 1285 tellus

154 1308 387 1352 Prostratis
406 1308 569 1351 aditum
589 1315 761 1365 pertusa
779 1308 983 1351 foramine
1003 1309 1165 1365 praebet

154 1374 341 1434 Exiguo,
360 1374 500 1418 minus
518 1382 565 1418 at
583 1375 809 1432 praemissis
829 1375 944 1417 invia
963 1374 1151 1431 plantis².

155 1440 318 1486 Omnes
336 1441 533 1484 cancrino
550 1455 713 1496 gressu,
733 1448 988 1497 sumptaque
1008 1440 1181 1483 lucerna

157 1506 352 1563 Quisque
372 1522 461 1557 sua,
482 1506 652 1550 tandem
674 1506 1015 1557 transmittimur,
1035 1506 1336 1564 erigimurque.

156 1573 363 1623 Antrum,
383 1572 654 1623 horrendum,
676 1572 870 1622 informe,
891 1572 1042 1629 ingens
1062 1572 1263 1629 aperitur.
1322 1571 1384 1615 Et
1402 1578 1496 1614 atra

154 1638 307 1682 Divisa
324 1638 369 1680 in
389 1644 529 1694 partes
558 1653 645 1681 nox
664 1638 819 1681 dissilit
838 1638 968 1680 atrior
987 1639 1142 1682 ambas.

154 1705 411 1762 Asperaque
430 1711 607 1761 apparet
626 1704 815 1754 latronis,
836 1711 882 1746 et
900 1703 1070 1747 horrida
1088 1703 1200 1747 saxis

152 1769 303 1829 Regia.
364 1769 619 1813 Percussum
638 1770 769 1813 rutilo
787 1770 918 1813 micat
935 1770 1035 1827 igne
1054 1770 1240 1813 lacunar.

153 1836 474 1895 Progredimur‚
495 1836 760 1893 pedibusque
780 1836 950 1879 admoto
968 1836 1128 1880 lumine
1147 1836 1296 1886 cautis,

157 1901 271 1948 Saxa
289 1902 494 1960 ingentia,
514 1902 692 1953 roscida,
712 1902 888 1953 lubrica,
908 1909 953 1946 et
971 1902 1104 1945 ardua
1123 1918 1288 1954 sennen,

154 1968 329 2021 Libera,
349 1969 589 2012 corruitura
609 1969 751 2020 semel,
771 1984 886 2012 nunc
906 1984 1007 2027 ergo
1026 1969 1228 2021 timenda,

157 2034 413 2092 Saxosaeque
432 2035 545 2078 feros
564 2043 730 2078 montes
748 2035 963 2092 vallesque
983 2051 1174 2079 cavernae

154 2101 430 2152 Transimus3
460 2101 728 2157 fluviumque
747 2117 844 2144 suas
864 2102 940 2158 qui
958 2101 1135 2159 dissipat
1153 2102 1289 2145 undas

156 2166 308 2213 Caecns
327 2168 372 2211 in
391 2169 579 2224 objectas
598 2167 838 2225 impingens
858 2183 1074 2211 murmure
1092 2183 1231 2226 rupes.

157 2232 247 2289 Qui
265 2234 430 2278 scandit
451 2249 579 2277 rauco
598 2242 844 2291 surgentem
863 2250 890 2277 a
908 2234 1083 2278 flumine
1101 2242 1302 2285 montem,

156 2298 239 2344 Ille
257 2299 359 2344 licet
378 2300 587 2356 sudetque
607 2300 820 2358 pedesque
840 2315 1077 2356 manusque
1095 2300 1262 2358 fatiget,

158 2364 323 2409 Dinia
338 2367 394 2409 ab
412 2365 593 2409 introitu
611 2366 759 2410 stadiis
779 2367 929 2418 tribus,
949 2367 1103 2410 ultima
1119 2367 1239 2424 opaci

158 2430 386 2489 Pei-tinget
401 2431 559 2489 (multo
577 2433 699 2477 uobis
718 2433 939 2490 audacior)
957 2433 1083 2476 antri.

163 2496 418 2554 Speluncam
436 2497 546 2541 hanc
564 2498 710 2542 credas
729 2498 964 2542 habitatam
984 2498 1187 2557 Gorgone
1205 2499 1390 2556 primum

163 2562 452 2620 Anguicoma,
471 2570 518 2607 et
535 2578 658 2608 versa
675 2565 721 2607 in
739 2565 926 2623 rigidum
945 2565 1006 2609 sic
1024 2565 1167 2608 omnia
1184 2580 1348 2608 saxum.

159 2627 277 2671 Nam
295 2627 402 2685 lapis
420 2636 487 2672 est
505 2630 790 2687 quodcunque
810 2630 940 2675 vides.
1002 2630 1296 2687 Laquearibus
1315 2630 1412 2673 altis

163 2693 272 2750 Qum
291 2693 392 2738 sicci
411 2694 491 2738 tibi
510 2702 632 2753 terga
649 2697 737 2740 suis
756 2696 939 2754 pendere
959 2697 1169 2747 videntur,

163 2759 380 2804 Dentibus
398 2759 511 2803 haud
529 2761 692 2805 cedent.
755 2762 923 2805 Durum
943 2770 1045 2806 sunt
1063 2771 1245 2818 utraque
1265 2777 1427 2805 saxum.

393 2891 404 2912 ¹
419 2890 530 2927 Pool's
548 2891 652 2936 Hele,
666 2893 795 2929 Minb.
807 2905 873 2930 vn.
1127 2895 1142 2916 ¹
1157 2894 1318 2930 Pedibus.

1349 2969 1378 3000 z
1399 2967 1419 2995 2
