1982 3204
243 215 359 263 xxiv

286 330 531 369 conventiones,
546 330 582 363 id
602 336 653 364 est
675 332 805 383 synodi,
821 332 1029 367 Christiano·

285 383 359 405 rum
376 374 467 406 fuere
479 374 606 416 aliquot
618 375 680 407 sub
691 377 944 418 imperatoribus
957 377 1030 409 eth-

285 416 379 492 ngccils
410 418 457 450 iii.
490 419 704 451 566:—nulla
739 424 849 452 autem
880 420 1029 452 ecclesia.

284 470 297 491 1
322 471 332 491 ι
357 485 365 493 .

285 508 356 535 tum
372 503 554 536 incarnatio
570 508 639 537 tum
654 505 764 548 passio
780 505 917 545 Christi,
938 506 1030 538 fuere

285 556 306 578 a
317 547 511 579 fundatione
526 547 649 580 mundi.
662 548 708 581 iii.
726 552 787 582 567
797 549 938 581 z——idem
955 559 1031 591 pro-

286 589 399 622 batum
415 601 457 622 ex
474 590 619 633 Apocal:
651 603 746 633 aquus
761 595 876 624 occisus
900 605 921 623 α
946 595 1029 633 sun-

285 634 406 664 datiam
419 636 533 666 mundi.
549 633 629 666 ibid.

285 676 469 708 Christiani
484 677 650 719 permulti,
660 678 758 720 paulo
774 683 850 711 ante
865 678 1029 722 synodum

285 718 457 759 Nicenam,
470 725 576 752 morte
591 726 625 753 et
647 722 821 754 tormentis
844 722 1028 760 ostentatis,

285 762 363 794 fidei
401 763 682 796 renuntiaverunt.
718 764 766 796 iii.
804 768 1027 807 5672—‹1uam

284 815 415 847 poenam
429 806 466 838 in
481 817 537 838 eos
552 807 668 839 statuit
683 807 829 850 synodus
845 808 910 840 illa.
926 807 1005 840 ibid.

241 847 544 892 CICERO—quibus
573 850 709 882 vocibus
746 851 921 883 abstractis
949 862 1028 883 usus

285 898 346 924 est.
359 892 381 925 i.
396 897 448 925 29.

283 938 435 967 commodo
464 936 603 979 opponit
631 938 838 976 inhumanum,
864 947 976 980 quare.
992 937 1027 970 ii.

282 1034 333 1063 eyo
349 1034 428 1053 unus
441 1028 499 1054 tres
524 1025 653 1054 sustineo
671 1035 829 1064 personas.
842 1023 877 1056 ii.
893 1027 964 1057 130.
980 1023 1030 1056 iii.

287 1069 358 1104 123,
376 1069 449 1097 533.

282 1107 340 1140 ille
354 1108 532 1151 caeterique
557 1108 756 1152 philosophi,
774 1109 886 1142 Graeci
909 1114 943 1142 et
965 1110 1030 1142 La-

283 1151 357 1190 tini,
387 1157 463 1194 post
498 1151 666 1184 Socratem
697 1152 869 1185 scientiam
899 1153 1030 1185 civilem

283 1199 552 1228 attrectaverunt.
567 1195 601 1227 ii.
621 1199 691 1227 142.

282 1238 355 1280 ejus
382 1237 542 1270 derivatio
567 1238 657 1270 vocis
682 1238 812 1271 Latinae
838 1241 966 1272 heroaes.
981 1238 1029 1272 iii.

282 1324 355 1366 ejus
385 1324 511 1356 dictum
534 1324 744 1357 verissimum
767 1328 828 1363 est,
850 1325 936 1356 nihil
962 1329 1029 1357 tam

283 1367 462 1399 absurdum
487 1378 559 1399 esse
585 1368 667 1410 quin
693 1367 836 1400 inveniri
861 1373 971 1411 potest
994 1369 1029 1400 in

282 1410 377 1442 libris
393 1410 674 1452 philosophorum.
690 1410 737 1443 iii.
754 1415 805 1443 35.
821 1422 850 1443 v.
871 1415 940 1444 148.

282 1453 448 1486 libertatis
470 1453 625 1486 defensor
641 1454 962 1487 vehementissimus.
983 1454 1032 1486 iii—

285 1500 356 1529 186.
369 1497 658 1539 2-proprietatem
671 1508 802 1530 omnem
815 1497 967 1530 attribuit
981 1498 1029 1530 le-

282 1539 381 1582 gibus
396 1540 560 1573 civilibus.
573 1540 655 1572 ibid.

282 1588 383 1625 negat
409 1583 547 1615 exilium
577 1594 649 1615 esse
673 1594 812 1626 poenam.
838 1583 885 1616 iii.
899 1586 1030 1617 227:—

282 1626 508 1658 Romanarum
530 1627 643 1667 legum
667 1627 916 1659 scientissimus.
946 1627 1027 1660 ibid.

239 1669 695 1709 &mmmmm—humor,
711 1670 828 1712 qualis.
841 1670 863 1702 i.
880 1675 956 1703 369.

942 232 1140 265 INDEX.

1098 333 1283 371 ferentium,
1308 332 1465 365 facientes
1490 332 1649 375 angulum
1678 332 1840 365 minorem

1099 377 1200 419 duplo
1210 376 1331 418 angulo
1347 376 1388 408 ad
1403 381 1564 414 centrum,
1573 376 1697 408 eaedem
1706 375 1841 408 reflexae

1098 420 1221 452 facient
1231 419 1389 461 angulum
1404 419 1462 462 qui
1477 419 1609 451 additus
1624 419 1746 461 angulo
1758 419 1842 451 inci-

1099 463 1246 495 dentium
1277 462 1415 504 aequalis
1444 462 1502 494 fiet
1527 462 1628 504 duplo
1651 462 1774 504 angulo
1799 461 1842 494 ad

1099 511 1261 538 centrum.
1277 505 1299 538 i.
1309 509 1415 538 235-6
1430 505 1511 537 z—si
1526 515 1586 546 per
1595 515 1698 537 unum
1707 505 1843 548 aliquod

1099 554 1259 592 punctum
1275 549 1349 581 duae
1370 548 1503 580 chordae
1523 547 1704 591 inaequales
1718 548 1842 580 ducan-

1099 598 1155 624 tur
1173 598 1288 624 mutuo
1307 603 1342 624 se
1366 597 1526 629 secantes,
1554 597 1705 624 centrum
1730 597 1843 624 autem

1098 635 1215 667 circuli
1242 635 1331 667 inter
1357 645 1413 667 eas
1446 634 1590 677 positum
1627 645 1694 666 non
1724 634 1778 673 sit,
1807 639 1843 668 et

1099 679 1223 710 eaedem
1252 678 1386 710 reflexae
1413 683 1614 710 concurrant
1641 677 1765 710 ubicun
1790 688 1841 717 ue,

1098 732 1166 753 non
1180 721 1319 753 ducetur
1333 732 1353 753 a
1371 726 1495 764 puncto
1517 721 1605 753 unde
1625 720 1754 763 priores
1766 688 1842 753 duae

1099 764 1207 797 ductae
1220 769 1307 803 sunt,
1317 764 1382 796 alia
1396 769 1487 796 recta
1500 765 1597 807 cujus
1611 763 1738 796 reflexa
1750 769 1842 796 tran·

1099 813 1169 840 seat
1198 818 1259 850 per
1287 808 1427 839 duarum
1463 807 1614 850 priorum
1642 806 1842 839 reflexat-um

1097 856 1257 893 punctum
1283 861 1467 882 commune.
1494 850 1516 883 i.
1532 850 1785 884 236-72—datis
1806 850 1843 882 iu

1097 894 1214 926 circuli
1224 893 1500 926 circumferentioe
1509 893 1638 925 duobus
1646 893 1788 936 punctis,
1800 893 1843 926 ad

1098 948 1137 969 ea
1170 942 1269 969 uncta
1279 937 1361 969 duas
1374 942 1480 969 rectas
1493 936 1540 968 ita
1551 937 1672 969 ducere
1682 942 1720 969 ut
1728 947 1843 969 earum

1098 991 1135 1012 re
1160 991 1232 1012 cxae
1261 980 1375 1012 datum
1404 980 1596 1012 contineant
1621 974 1790 1023 angulum.
1819 979 1842 1013 i.

1099 1027 1161 1056 288
1180 1023 1263 1056 :-si
1285 1029 1376 1056 recta
1401 1022 1553 1055 incidens
1577 1023 1613 1055 in
1639 1023 1756 1055 circuli
1777 1023 1842 1056 cir-

1098 1066 1350 1099 cumferentiam
1388 1066 1590 1109 producatur
1618 1066 1661 1098 ad
1689 1066 1843 1099 semidia-

1098 1115 1252 1149 metrum,
1274 1109 1384 1152 sitque
1408 1120 1487 1159 pars
1502 1111 1574 1151 ejus
1592 1109 1778 1152 intercepta
1790 1109 1843 1142 in-

1098 1158 1150 1185 ter
1172 1152 1472 1185 circumferentiam
1498 1157 1532 1185 et
1561 1152 1844 1185 semidiametrum

1098 1196 1235 1238 aequalis
1263 1196 1352 1238 parti
1379 1195 1616 1229 semidiametri
1669 1207 1719 1228 uae
1747 1201 1799 1228 est
1823 1206 1844 1228 a

1098 1249 1262 1272 concursu
1277 1239 1318 1271 ad
1338 1244 1500 1278 centrum,
1515 1239 1581 1271 erit
1605 1249 1642 1271 re
1666 1250 1731 1272 exa
1744 1238 1844 1271 semi·

1099 1282 1261 1314 diametro
1287 1282 1453 1325 parallela.
1474 1281 1496 1315 i.
1513 1282 1664 1315 2402-si
1686 1293 1706 1314 a
1719 1287 1844 1325 puncto

1098 1324 1189 1358 intra
1216 1325 1377 1358 circulum
1392 1325 1556 1357 ducantur
1572 1324 1648 1358 duae
1669 1330 1768 1358 recte
1791 1325 1843 1357 in-

1098 1368 1247 1401 cidentes
1260 1368 1296 1400 in
1311 1367 1428 1400 circuli
1439 1368 1748 1408 circumferentiam,
1762 1379 1844 1412 qua-

1098 1422 1172 1443 rum
1201 1411 1335 1444 reflexae
1371 1416 1489 1443 coeant
1519 1411 1556 1443 in
1592 1411 1698 1455 ipsius
1726 1411 1844 1444 circuli

1098 1454 1374 1493 circumferentia,
1395 1454 1537 1497 angulus
1558 1465 1658 1498 quem
1672 1454 1845 1488 continent

1098 1498 1232 1530 reflexae
1247 1498 1311 1530 erit
1326 1497 1424 1530 tertia
1432 1508 1509 1540 pars
1525 1498 1639 1541 anguli
1651 1508 1750 1541 quem
1764 1509 1843 1531 con-

1099 1541 1208 1574 tinent
1236 1541 1431 1574 incidentes.
1447 1540 1468 1573 i.
1486 1545 1559 1574 241.

1098 1584 1178 1616 olim
1209 1584 1404 1626 magnitudo
1427 1584 1544 1616 circuli
1567 1583 1703 1626 cognita
1715 1584 1843 1624 fuisset,

1098 1627 1134 1659 ni
1163 1627 1369 1660 obstitissent
1398 1638 1473 1670 quae
1503 1638 1523 1659 a
1550 1627 1729 1669 geometris
1755 1638 1843 1660 nunc

1098 1673 1232 1712 cogentia
1247 1670 1465 1714 appellantur.
1482 1670 1525 1704 iv.
1540 1675 1615 1704 464.

239 1713 536 1762 CmCULus—ejus
551 1713 733 1755 generatio,
749 1718 783 1746 et
799 1713 935 1746 effectus
950 1713 1029 1746 inde
1056 1713 1427 1748 Cmcummsm—sicut
1440 1724 1480 1746 ea
1493 1718 1545 1746 est
1559 1713 1602 1746 ad
1618 1714 1758 1746 Pactum
1771 1714 1844 1747 Ve-

282 1756 510 1799 procedentes.
525 1766 546 1788 1.
565 1760 594 1788 5.

281 1809 396 1830 eorum
426 1799 598 1841 perimetri
621 1804 699 1832 sunt
722 1799 811 1832 inter
836 1810 872 1832 se
897 1804 936 1833 ut
959 1799 1030 1833 dia-

283 1842 392 1874 metri.
409 1841 430 1874 i.
451 1847 521 1875 166.

281 1885 325 1917 de
339 1885 530 1927 aequalitate
550 1885 639 1918 inter
660 1885 821 1917 circulum
837 1890 871 1919 et
893 1886 1031 1930 superfi-

283 1927 369 1960 ciem
409 1928 549 1960 ortionis
563 1929 712 1971 sphaerae.
728 1929 750 1961 i.
767 1933 841 1962 224.

282 1971 355 2014 ejus
394 1971 542 2004 imensio.
558 1971 580 2004 i.
593 1976 667 2004 242.

1098 1762 1162 1796 tus,
1178 1757 1226 1790 ita
1239 1756 1423 1800 baptismus
1439 1756 1482 1789 ad
1496 1757 1637 1790 Pactum
1651 1757 1794 1791 Novum.
1805 1757 1843 1791 ii.

1097 1804 1173 1876 2331·
1185 1843 1332 1876 instituit
1346 1844 1440 1876 Deus
1454 1854 1515 1887 pro
1524 1848 1739 1877 monumento
1747 1844 1844 1878 Paeti

1098 1887 1244 1919 Veteris.
1260 1887 1309 1920 iii.
1326 1891 1433 1920 292-:3
1445 1892 1736 1920 z——sacramentum
1759 1887 1843 1921 fide-

1098 1929 1212 1969 litatis,
1221 1935 1259 1962 ut
1273 1941 1361 1963 nunc
1377 1930 1438 1963 sub
1450 1931 1701 1964 Testamentum
1710 1931 1843 1964 Novum

1094 1973 1286 2016 baptismus.
1303 1973 1351 2006 iii.
1368 1977 1442 2006 293.

282 2013 456 2056 longitudo
472 2025 568 2047 arcus
583 2014 709 2054 circuli,
722 2026 824 2058 quare
847 2016 1028 2048 secundum
1098 2017 1228 2060 adjecta
1234 2022 1332 2059 pacto
1341 2016 1430 2049 inter
1438 2017 1549 2049 Deum
1559 2021 1593 2050 et
1601 2016 1843 2058 Abx-ahmam,

282 2057 511 2090 definitionem
526 2058 651 2100 puncti,
674 2058 859 2101 comparari
882 2069 949 2091 non
969 2070 1029 2102 po-

282 2105 349 2133 test
363 2111 439 2132 cum
454 2106 546 2133 recta
561 2101 649 2133 linea
670 2112 731 2144 per
753 2101 938 2134 doctrinam
955 2107 1028 2135 tan-

281 2144 432 2186 gentium
449 2149 482 2176 et
494 2144 686 2178 secantium.
702 2144 744 2177 iv.
763 2148 817 2178 57.

281 2187 355 2229 ejus
371 2187 533 2220 definitio.
548 2187 590 2220 iv.
608 2191 660 2221 64.

282 2230 448 2272 quomodo
473 2230 616 2263 describi
631 2235 742 2273 potest
761 2231 918 2264 continua
932 2231 1027 2264 flexi·

281 2283 346 2305 one
361 2273 457 2306 lineae
473 2279 581 2306 rectae.
597 2274 639 2307 iv.
660 2277 729 2307 171.

281 2326 378 2348 arcus
393 2317 520 2355 circuli,
543 2318 639 2361 cujus
662 2317 775 2349 radius
799 2317 844 2350 sit
866 2317 1029 2357 infinitus,

277 2360 379 2403 juxta
394 2359 581 2399 Galilaeum,
597 2366 648 2392 est
669 2360 758 2392 linea
779 2366 879 2393 recta.
894 2361 937 2393 iv.
959 2364 1027 2394 171.

281 2402 482 2435 circulorum
505 2403 653 2435 omnium
679 2403 860 2446 perimetri,
882 2403 911 2436 si
941 2409 1028 2437 totas

282 2450 422 2488 spectes,
434 2456 529 2488 aeque
545 2451 622 2478 sunt
637 2457 759 2479 curvae.
774 2446 816 2479 iv.
838 2450 908 2480 171.

277 2488 320 2520 de
335 2488 435 2521 rectis
451 2499 470 2520 a
484 2494 599 2521 centro
621 2489 738 2522 circuli
764 2489 807 2522 ad
830 2489 1026 2532 contingen-

282 2536 360 2565 tem.
376 2531 398 2565 i.
420 2535 488 2565 162.

281 2574 311 2607 si
323 2579 423 2607 rectae
437 2575 512 2607 duze
532 2574 681 2608 incidant
702 2575 738 2607 in
753 2575 870 2608 circuli
884 2575 1025 2608 circum-

280 2617 466 2657 ferentiam,
490 2628 604 2650 carum
628 2618 762 2651 reflexae
778 2618 949 2661 productae
973 2619 1025 2651 in-

280 2666 426 2694 trorsum
450 2661 573 2694 facient
602 2661 760 2704 angulum
789 2661 926 2704 duplum
953 2663 1025 2705 ejus

279 2704 338 2747 qui
354 2703 392 2737 fit
409 2715 429 2736 a
451 2703 550 2737 rectis
573 2715 593 2737 a
612 2709 726 2737 centro
742 2704 850 2737 ductis
866 2705 907 2737 ad
922 2715 1024 2747 punc-

279 2751 351 2780 tum
375 2746 576 2780 incidentiae.
591 2747 614 2780 i.
631 2747 877 2780 233z-eaedcm
903 2748 1025 2781 facient

278 2790 438 2832 angulum
461 2790 622 2833 aequalem
642 2791 764 2833 angulo
778 2791 890 2834 duplo,
913 2791 971 2834 qui
986 2791 1025 2824 fit

278 2843 300 2866 a
311 2833 441 2866 duobus
456 2833 556 2867 rectis
571 2845 591 2867 a
611 2839 726 2867 centro
748 2833 788 2866 ad
803 2839 926 2884 puncta
940 2834 1023 2867 inci-

278 2876 401 2909 dentiae
420 2887 487 2910 una
508 2887 583 2910 cum
608 2877 730 2920 angulo
750 2877 977 2911 incidentium.
1000 2877 1023 2911 i.

279 2923 343 2952 234
351 2919 434 2953 z-si
453 2920 602 2955 incidant
625 2920 661 2954 in
682 2931 859 2955 concavam
881 2921 1022 2955 circum-

1098 2066 1137 2092 ut
1151 2059 1284 2110 signum
1308 2065 1446 2092 tantum.
1461 2059 1498 2092 ii.
1513 2063 1578 2092 353
1588 2059 1678 2094 :—in
1698 2060 1843 2095 Deserto

1097 2113 1228 2135 omlssa.
1244 2113 1280 2135 n.
1295 2107 1371 2136 383.

1055 2146 1625 2180 01v1s—C1v1ns-C1vms—ad
1640 2157 1842 2189 cognoscen-

1097 2189 1157 2221 das
1182 2189 1326 2222 civitatis
1361 2189 1591 2232 proprietates,
1620 2190 1842 2223 necessarium

1097 2238 1158 2271 est,
1173 2237 1210 2264 ut
1225 2232 1396 2264 hominum
1411 2232 1556 2273 ingenia,
1571 2243 1691 2273 mores,
1702 2233 1842 2267 affectus

1097 2281 1174 2308 ante
1188 2281 1439 2317 cognoscantur.
1455 2275 1477 2308 i.
1497 2279 1546 2309 10.

1097 2318 1187 2361 quod
1211 2318 1315 2350 laicus
1340 2318 1518 2358 civitatem,
1544 2318 1686 2362 populus
1700 2319 1842 2354 clericus
1855 2314 1877 2334 ⁸

1097 2361 1268 2394 ecclesiam
1285 2361 1436 2404 appellat.
1452 2361 1486 2394 ii.
1507 2366 1578 2395 126.

1097 2403 1249 2437 civitates
1264 2414 1388 2443 omnes,
1404 2404 1535 2437 etiamsi
1558 2415 1635 2438 cum
1649 2405 1768 2439 vicinis

1095 2458 1167 2480 cem
1183 2447 1336 2486 habeant,
1360 2448 1444 2480 fines
1459 2453 1569 2481 tamen
1585 2459 1662 2481 suos
1676 2449 1776 2492 praesi

1095 2490 1251 2530 militum,
1264 2490 1364 2523 urbes
1379 2491 1542 2524 moenibus
1557 2496 1630 2531 etc„
1645 2497 1790 2526 tuentur.
1804 2492 1840 2526 ii.

1099 2537 1170 2567 146.
1185 2533 1232 2566 iii.
1253 2537 1323 2572 101,
1350 2538 1410 2567 163
1419 2534 1561 2567 :—cives
1573 2534 1758 2578 singulares
1784 2546 1841 2569 ns-

1094 2587 1165 2651 tcluis
1193 2576 1230 2609 in
1258 2576 1378 2609 itinere
1408 2582 1486 2610 sunt
1514 2577 1586 2610 sine
1620 2578 1696 2618 telo,
1730 2589 1839 2622 neque

1118 2619 1274 2652 ormitum
1300 2626 1381 2653 eunt
1401 2620 1473 2653 sine
1488 2621 1650 2654 obseratis
1664 2620 1792 2655 foribus
1805 2627 1840 2656 et

1094 2662 1189 2695 areis.
1205 2662 1240 2696 ii.
1259 2667 1330 2702 146,
1350 2667 1420 2697 161.
1441 2664 1489 2697 iii.
1508 2668 1579 2697 100.

1094 2716 1161 2738 non
1187 2705 1296 2738 minor
1318 2706 1446 2740 civitati
1467 2707 1703 2740 aristocraticae
1717 2707 1770 2741 vel
1784 2707 1841 2742 de·

1093 2749 1280 2782 mocraticae
1333 2761 1409 2782 uam
1438 2750 1639 2784 monarchia
1663 2761 1685 2784 a
1711 2751 1840 2785 civibus

1093 2792 1233 2825 debetur
1248 2793 1290 2824 ob
1334 2793 1444 2826 ientia
1457 2793 1491 2826 ii.
1511 2797 1581 2827 152.

1093 2835 1262 2878 passiones
1286 2836 1546 2879 uniuscujusque
1561 2836 1705 2870 hominis
1727 2842 1839 2881 partes

1092 2883 1170 2928 sunt
1180 2878 1332 2914 fremitus
1342 2879 1492 2914 seditiosi
1500 2885 1674 2915 commotus
1683 2880 1839 2916 civitatis.

1095 2931 1142 2955 m.
1159 2926 1211 2956 60.
