1982 3204
426 285 516 328 120
821 295 929 331 Lux
960 295 1382 330 MATHEMATICA.

139 418 399 446 con-rnovssn-
418 406 812 469 suppositionem,
854 407 985 471 quod
1026 408 1066 454 si
1112 423 1253 455 arcus
1293 405 1588 454 divideretur
1633 407 1682 455 in
1720 414 1796 456 tot

173 473 363 542 Q
417 490 579 545 partes
625 484 831 546 aequales
877 484 926 531 in
980 491 1100 546 quot
1151 482 1302 530 dividi
1354 481 1658 544 intelligibile
1704 492 1793 542 est,

417 558 622 606 chordas
659 559 850 606 illorum
890 575 1090 606 arcuum
1136 558 1277 606 simul
1324 566 1538 620 sumptas
1584 558 1795 620 aequales

418 649 519 681 esse
559 634 674 697 ipsis
711 635 918 681 arcubus
959 634 1101 681 simul
1137 634 1356 696 sumptis.
1426 633 1497 680 Ex
1539 649 1596 680 eo
1631 642 1796 681 autem

416 709 607 771 probat,
640 709 770 772 quod
798 709 836 756 si
864 710 1073 772 aequales
1107 726 1207 757 non
1237 709 1350 766 sint,
1375 724 1479 756 esse
1517 724 1599 755 eos
1635 708 1796 757 adhuc

416 793 651 847 perpetuo
678 785 972 832 bisecabiles.
1043 785 1212 847 Itaque
1238 784 1529 831 sententiam
1553 784 1644 831 hac
1668 783 1719 831 in
1742 799 1796 832 re

417 860 663 923 disjungo:
712 867 796 907 aut
841 876 939 907 non
986 868 1231 907 assuetum
1276 859 1550 906 Wallisium
1595 859 1796 907 lectioni

415 934 881 983 demonstrationum
917 936 1322 998 geometricarum
1346 943 1547 998 propter
1578 934 1792 982 studium

413 1010 639 1073 algebrae,
656 1010 1119 1058 demonstrationem
1140 1010 1375 1057 Hobbesii
1402 1009 1672 1072 intelligere
1694 1025 1796 1058 non

412 1086 648 1148 potuisse:
685 1094 784 1144 aut,
821 1085 1017 1133 tuendae
1054 1085 1307 1147 dignitatis
1345 1100 1505 1142 causa,
1532 1084 1708 1132 dixisse
1740 1085 1793 1133 id

415 1161 544 1224 quod
589 1162 773 1209 sciebat
819 1177 922 1209 esse
966 1161 1157 1208 falsum.
1238 1160 1542 1208 Sententiam
1586 1160 1795 1224 accipiat

412 1246 575 1285 utram
614 1223 766 1285 malit.
851 1238 923 1285 De
964 1236 1295 1300 propositione
1335 1235 1440 1298 ipsa
1486 1236 1555 1283 sic
1602 1251 1793 1284 censeo.

411 1313 541 1360 Vera
563 1322 653 1370 est,
678 1329 820 1371 nova,
843 1313 968 1359 bene
993 1311 1341 1369 demonstrata,
1366 1310 1459 1358 illis
1484 1311 1566 1374 qui
1590 1311 1795 1359 ductum

413 1389 647 1436 orationis
666 1388 828 1435 animo
849 1395 1040 1435 attento
1060 1387 1198 1450 sequi
1215 1386 1397 1434 vellent
1415 1386 1793 1446 evidentissima,

411 1463 641 1511 methodo
676 1463 954 1520 artificiosa,
978 1462 1210 1526 generali,
1236 1469 1283 1509 et
1307 1477 1599 1525 quamquam
1624 1461 1795 1525 hepta-

411 1555 556 1601 gono,
599 1547 896 1602 pentagono‚
944 1545 994 1586 et
1045 1538 1240 1600 trigono
1296 1545 1488 1585 tantum
1535 1537 1793 1601 applicata,

411 1614 635 1661 omnibus
660 1614 916 1678 polygonis
942 1613 1238 1676 applicabili.

476 1691 746 1753 Propositio
772 1689 943 1736 Roseti
965 1689 1027 1747 iv,
1043 1687 1341 1752 geometrica
1360 1688 1563 1751 quaestio
1589 1703 1686 1736 non
1703 1696 1792 1748 est,

407 1765 492 1812 sed
533 1781 701 1812 sensus
739 1764 1008 1812 communis
1050 1764 1148 1812 sive
1190 1763 1394 1811 rationis
1435 1763 1670 1811 naturalis
1705 1779 1794 1827 per

407 1856 551 1903 quam
575 1841 700 1887 fiunt
725 1839 1044 1887 definitiones.
1116 1839 1244 1887 Nam
1270 1838 1353 1902 qui
1387 1838 1560 1902 quaerit
1586 1837 1793 1887 duarum

406 1916 643 1962 linearum
669 1916 768 1962 sive
794 1915 1175 1977 superficierum,
1199 1923 1312 1962 utra
1346 1914 1408 1962 sit
1439 1914 1594 1976 magis
1626 1930 1792 1974 curva,

407 1991 543 2038 curvi
567 1990 738 2052 quaerit
763 1999 1012 2037 naturam:
1049 2005 1192 2052 quam
1220 1989 1497 2036 Hobbesius
1529 1989 1792 2037 consistere

407 2067 526 2114 dicit
560 2067 610 2113 in
634 2065 846 2112 discessu
869 2081 899 2112 a
921 2065 1212 2112 rectitudine
1246 2080 1333 2127 per
1356 2065 1603 2123 flexiones,
1628 2064 1680 2111 id
1702 2073 1792 2123 est,

407 2142 642 2190 minorem
662 2157 765 2188 esse
783 2140 1094 2188 curvedinem
1118 2139 1286 2187 circuli
1309 2140 1507 2203 majoris
1531 2155 1674 2203 quam
1702 2140 1792 2187 mi-

406 2219 567 2266 noris:
604 2218 847 2274 nimirum,
872 2217 985 2279 quia
1008 2215 1240 2279 majorem
1264 2215 1423 2262 minus
1462 2215 1611 2263 afficit
1646 2215 1792 2264 flexio

406 2294 575 2342 eadem
594 2309 738 2356 quam
764 2292 1015 2338 minorem.

420 2380 424 2381 ’
472 2369 822 2417 Describantur
844 2367 971 2414 enim
1000 2367 1102 2429 (fig.
1129 2366 1195 2426 iv)
1224 2365 1320 2413 duo
1346 2365 1514 2413 circuli
1550 2373 1720 2414 centro
1746 2366 1791 2414 A

406 2444 719 2501 concentrici‚
754 2443 938 2500 BCDE,
959 2442 1112 2490 bede:
1148 2441 1230 2504 qui
1271 2441 1418 2488 rectis
1458 2441 1663 2499 BD‚EC
1701 2457 1790 2506 per

405 2529 628 2568 centrum
676 2518 955 2566 dividantur
1001 2516 1362 2581 quadrifariam.
1452 2517 1624 2565 Ductis
1671 2533 1789 2582 ergo

404 2595 598 2644 chordis
618 2594 720 2653 BC,
742 2594 844 2652 CD,
861 2593 962 2650 DE,
982 2593 1080 2650 ΕΒ,
1100 2592 1173 2650 bc,
1193 2592 1271 2650 cd,
1288 2591 1365 2650 de,
1385 2591 1458 2649 eb,
1477 2592 1789 2642 manifestum

405 2681 481 2719 est
504 2671 712 2718 minores
731 2685 835 2717 esse
859 2667 1064 2716 chordas
1089 2667 1288 2715 minoris
1312 2666 1482 2714 circuli
1514 2682 1659 2728 quam
1684 2682 1787 2716 ma-

399 2748 537 2811 joris,
562 2747 611 2794 in
636 2754 948 2809 quotcunque
972 2751 1135 2807 partes
1159 2742 1366 2806 aequales
1396 2748 1602 2805 uterque
1633 2742 1788 2791 circu-

405 2827 478 2871 lus
502 2823 564 2871 sit
587 2822 782 2870 divisus.
854 2819 965 2867 Plus
989 2835 1105 2882 ergo
1130 2826 1281 2866 restat
1316 2818 1455 2865 lineae
1493 2833 1591 2866 non
1628 2818 1784 2877 flexae,

405 2899 455 2947 id
479 2907 552 2947 est
576 2906 737 2955 rectae,
764 2896 813 2944 in
838 2895 1019 2959 majore
1044 2910 1188 2958 quam
1223 2894 1272 2941 in
1306 2893 1509 2942 minore.
1579 2893 1785 2943 Accedit
