1982 3204
720 256 1164 291 semesum-xm.
1543 253 1642 298 393

251 362 379 419 Quod
398 364 548 409 domus
568 373 634 409 est
652 365 804 409 animae
825 380 990 423 corpus,
1011 366 1061 408 fit
1082 366 1195 422 quod
1210 367 1336 423 jubet
1351 369 1446 419 illa;

307 430 353 473 N
355 446 409 474 on
431 431 568 482 homo,
588 447 674 475 non
694 447 859 489 corpus,
880 447 964 475 non
985 448 1092 489 opus
1113 433 1202 489 ipsa
1221 433 1351 484 facit3

251 495 336 541 Sed
356 498 463 541 benc
482 498 695 555 dispositis
716 507 979 556 peraguntur
996 506 1152 542 cuncta
1171 499 1388 551 ministris,

308 563 526 621 Fungitur
544 572 589 607 et
609 572 802 622 prompte
822 580 996 608 munere
1016 564 1199 620 quisque
1219 580 1322 616 suo;
1472 572 1477 576 '
1529 569 1640 611 1650

248 628 423 680 Olfacit,
444 639 487 673 et
506 639 665 688 gustat,
687 639 805 674 tactu
826 631 968 681 sentit,
990 630 1120 682 videt,
1140 630 1273 682 audit,
1461 638 1532 670 4·-

306 695 351 739 N
353 712 409 739 on
428 696 567 748 homo,
588 697 660 740 sed
680 713 828 741 sensus
849 697 1043 754 proprius
1062 697 1144 740 ista
1163 697 1277 740 facit.
1297 720 1300 723 ⁴

248 761 432 819 Nempe,
454 778 578 806 suum
598 763 733 806 mittit
753 763 1052 806 simulachrum
1073 778 1140 806 res
1159 763 1202 805 in
1222 763 1390 815 ocellos,

305 827 443 884 quue
464 829 580 872 videt
600 829 715 871 visus
732 847 744 878 ;
778 845 863 872 non
884 829 1003 872 videt
1022 829 1127 871 illud
1148 828 1286 880 homo,

247 893 294 936 N
295 909 344 937 ec
363 910 491 938 sonus
510 895 719 938 auriculas
739 902 946 952 penetrat,
964 895 1069 951 quin
1089 895 1235 939 audiat
1254 896 1375 939 illum

304 960 524 1011 Auditus;
546 960 652 1003 nihil
672 968 739 1004 est
757 961 846 1018 ipse
866 961 982 1017 quod
1001 961 1122 1004 audit
1141 961 1292 1012 homo;

245 1026 463 1083 Acceptas
482 1027 641 1084 species
661 1027 900 1071 considerat
925 1027 1194 1078 intellectus3

305 1091 521 1150 Supputat
540 1101 585 1136 et
603 1093 738 1143 ratim
772 1094 922 1150 visque
941 1109 1104 1137 memor
1122 1094 1293 1138 retinet.

247 1158 320 1203 Sic
338 1174 510 1215 quoque
523 1160 732 1216 judicium
752 1161 982 1212 discernit3
1014 1162 1195 1218 vultque
1217 1161 1444 1205 voluntas¹.

304 1223 376 1269 Sic
395 1241 493 1268 vere
514 1225 674 1269 dictum
695 1234 774 1277 est,
795 1227 873 1270 Est
892 1228 1174 1270 microcosmus
1191 1226 1316 1271 homo.
1524 1230 1636 1271 1660

244 1291 332 1334 Soc.
362 1291 441 1334 Nil
461 1292 565 1336 facit
583 1293 636 1335 ad
656 1301 843 1336 nostram
862 1294 1071 1336 comoedia
1089 1294 1223 1337 stulta
1242 1294 1446 1338 salutem:

301 1356 349 1399 N
350 1373 398 1401 ec
418 1373 495 1401 nos
514 1358 739 1401 salvabunt
758 1359 946 1416 physica,
968 1374 1068 1402 vera
1094 1359 1206 1403 licet.

246 1422 360 1467 Sunt
378 1424 586 1467 credenda
605 1424 776 1480 quidem
798 1425 917 1467 libris
938 1439 1206 1481 quaecunque
1225 1425 1430 1483 leguntur

303 1487 469 1532 Sacris:
500 1490 574 1533 sed
595 1489 743 1534 Codex
763 1506 850 1533 non
871 1490 1001 1534 habet
1020 1491 1103 1535 ista
1123 1491 1218 1534 Dei.

243 1554 291 1597 N
292 1570 348 1598 on
367 1555 482 1599 tollit
500 1564 673 1613 peccata
691 1556 911 1599 hominum
932 1557 1141 1614 sapientia
1161 1557 1339 1602 Graeca:

300 1621 398 1666 Nec
417 1622 530 1666 facta
549 1630 614 1666 est
634 1623 767 1666 tardis
786 1639 911 1680 poena
931 1622 1142 1667 Gehenna
1159 1624 1326 1675 animis,

245 1687 332 1732 Sed
351 1689 466 1731 fastu
485 1688 635 1746 plenis,
656 1689 942 1739 mendacibus,
963 1697 1094 1745 atque
1113 1689 1361 1748 hypocritis,

301 1754 503 1813 Ingratis,
524 1755 673 1806 avidis,
693 1756 890 1799 omnibus
910 1763 1040 1812 atque
1061 1756 1206 1814 nigris.

245 1820 356 1864 Nam
375 1822 483 1865 bene
502 1830 711 1865 moratum
732 1821 933 1879 physicus
953 1822 988 1865 si
1008 1822 1203 1879 perderet
1221 1837 1351 1874 error,

300 1887 401 1943 Quo
421 1895 553 1931 staret
571 1889 720 1932 doctor
738 1889 1056 1945 discipulusque
1077 1888 1170 1932 loco
1183 1889 1204 1931 ?
1522 1888 1634 1933 1670

241 1953 324 1997 Pr.
354 1954 462 1998 Post
480 1955 589 1998 hanc
610 1970 890 2012 suppressam,
911 1956 1055 1998 statim
1076 1955 1195 1999 venit
1214 1955 1347 1999 altera
1372 1954 1519 2012 major,

301 2019 443 2075 Quam
463 2037 584 2079 reges
604 2022 729 2064 multi
749 2021 991 2065 sustinuere
1010 2021 1097 2064 diu.

242 2084 511 2131 Christicolis
529 2088 703 2131 dederat
723 2088 869 2145 primis
888 2088 1081 2132 Ecclesia
1099 2088 1248 2146 prima,

298 2152 421 2197 Idola
438 2155 504 2211 (at
525 2170 646 2197 verso
665 2154 856 2210 nomine)
876 2154 1029 2198 habere
1052 2170 1142 2198 sua.

243 2217 328 2262 His
347 2220 529 2277 populus
548 2220 696 2264 fudere
716 2235 874 2278 preces,
895 2228 940 2263 et
959 2220 1118 2264 honore
1137 2220 1335 2263 colebant

301 2284 442 2340 Quem
461 2286 635 2330 dederat
654 2286 771 2329 falsis
792 2286 1002 2330 Ethnicus
1021 2294 1121 2330 ante
1140 2286 1242 2329 deis.

242 2349 296 2394 Id
316 2351 431 2407 quod
450 2360 651 2409 pastores,
670 2361 875 2411 regnante
895 2353 1043 2396 Leone
1062 2352 1262 2403 secundo,

300 2415 521 2461 Innumeri
540 2426 586 2462 et
600 2418 718 2462 docti
739 2434 824 2462 non
845 2426 1022 2476 potuere
1042 2418 1144 2476 pati.

244 2481 467 2527 Certatum
487 2492 553 2528 est
571 2492 744 2529 centum
764 2485 1008 2543 scriptoque
1028 2493 1074 2529 et
1092 2500 1196 2529 voce
1216 2499 1292 2542 per
1311 2497 1457 2534 annos,

300 2548 374 2591 An
393 2548 508 2593 licite
527 2549 570 2592 in
591 2551 719 2594 sacris
738 2551 870 2608 possit
891 2551 1030 2608 imago
1049 2550 1143 2594 coli.
1522 2548 1632 2589 1680

245 2614 331 2659 Sed
350 2614 454 2658 victi
472 2616 643 2660 tandem
663 2625 879 2660 cesserunt
899 2617 1174 2667 Jmomacki,

301 2680 363 2724 Et
381 2680 508 2724 simul
526 2681 667 2725 Eoum
687 2682 871 2740 languiit
889 2682 1126 2740 imperium.

243 2747 359 2791 Nam
380 2747 491 2791 circa
509 2747 589 2791 hoc
608 2755 777 2806 tempus
795 2749 924 2807 coepit
946 2748 1195 2793 Sar-scenica
1213 2755 1328 2791 secta

543 2881 555 2903 ¹
582 2879 693 2927 [vide
708 2880 944 2923 Lamnum,
962 2880 1120 2927 Anglice,
1136 2891 1169 2926 p.
1186 2881 1221 2922 ³,
1243 2876 1312 2923 10.]
