<?xml version="1.0" encoding="UTF-8"?>
<!DOCTYPE html PUBLIC "-//W3C//DTD XHTML 1.0 Transitional//EN"
    "http://www.w3.org/TR/xhtml1/DTD/xhtml1-transitional.dtd">
<html xmlns="http://www.w3.org/1999/xhtml" xml:lang="en" lang="en">
 <head>
  <title>
</title>
<meta http-equiv="Content-Type" content="text/html;charset=utf-8" />
  <meta name='ocr-system' content='tesseract 3.04.00' />
  <meta name='ocr-capabilities' content='ocr_page ocr_carea ocr_par ocr_line ocrx_word'/>
</head>
<body>
  <div class='ocr_page' id='page_1' title='image "./operaphilosophic05hobbuoft_0305.png"; bbox 0 0 1982 3204; ppageno 0'>
   <div class='ocr_carea' id='block_1_1' title="bbox 700 258 1542 309">
    <p class='ocr_par' dir='ltr' id='par_1_1' title="bbox 700 258 1542 309">
     <span class='ocr_line' id='line_1_1' title="bbox 700 258 1542 309; baseline 0.001 -8"><span class='ocrx_word' id='word_1_1' title='bbox 700 267 997 301; x_wconf 76' lang='lat' dir='ltr'><strong>EPISTOLAE.</strong></span> <span class='ocrx_word' id='word_1_2' title='bbox 1445 258 1542 309; x_wconf 80' lang='grc'>297</span> 
     </span>
    </p>
   </div>
   <div class='ocr_carea' id='block_1_2' title="bbox 148 376 1786 2704">
    <p class='ocr_par' dir='ltr' id='par_1_2' title="bbox 148 376 1786 2704">
     <span class='ocr_line' id='line_1_2' title="bbox 221 376 1784 460; baseline 0 -32"><span class='ocrx_word' id='word_1_3' title='bbox 221 378 320 428; x_wconf 87' lang='lat' dir='ltr'>Sed</span> <span class='ocrx_word' id='word_1_4' title='bbox 352 379 627 443; x_wconf 85' lang='lat' dir='ltr'>praecipuus</span> <span class='ocrx_word' id='word_1_5' title='bbox 660 379 763 442; x_wconf 87' lang='lat' dir='ltr'>ejus</span> <span class='ocrx_word' id='word_1_6' title='bbox 798 393 935 426; x_wconf 90' lang='lat' dir='ltr'>error</span> <span class='ocrx_word' id='word_1_7' title='bbox 965 384 1039 425; x_wconf 91' lang='lat' dir='ltr'>est</span> <span class='ocrx_word' id='word_1_8' title='bbox 1074 376 1125 425; x_wconf 91' lang='lat' dir='ltr'>in</span> <span class='ocrx_word' id='word_1_9' title='bbox 1162 393 1309 425; x_wconf 85' lang='lat' dir='ltr'>causa</span> <span class='ocrx_word' id='word_1_10' title='bbox 1340 378 1545 442; x_wconf 83' lang='lat' dir='ltr'>physica</span> <span class='ocrx_word' id='word_1_11' title='bbox 1583 386 1784 460; x_wconf 57' lang='lat' dir='ltr'>gamin-⁸¹¹</span> 
     </span>
     <span class='ocr_line' id='line_1_3' title="bbox 154 440 1786 518; baseline -0.002 -16"><span class='ocrx_word' id='word_1_12' title='bbox 154 454 461 503; x_wconf 83' lang='lat' dir='ltr'>refractionis</span> <span class='ocrx_word' id='word_1_13' title='bbox 485 455 732 502; x_wconf 81' lang='lat' dir='ltr'>radiorum</span> <span class='ocrx_word' id='word_1_14' title='bbox 758 453 1068 518; x_wconf 89' lang='lat' dir='ltr'>explicanda:</span> <span class='ocrx_word' id='word_1_15' title='bbox 1095 460 1202 500; x_wconf 87' lang='lat' dir='ltr'>tota</span> <span class='ocrx_word' id='word_1_16' title='bbox 1220 454 1350 501; x_wconf 91' lang='lat' dir='ltr'>enim</span> <span class='ocrx_word' id='word_1_17' title='bbox 1368 455 1545 502; x_wconf 83' lang='lat' dir='ltr'>fictitia</span> <span class='ocrx_word' id='word_1_18' title='bbox 1595 440 1786 499; x_wconf 55' lang='lat' dir='ltr'>Q</span> 
     </span>
     <span class='ocr_line' id='line_1_4' title="bbox 155 529 1544 594; baseline 0 -16"><span class='ocrx_word' id='word_1_19' title='bbox 155 537 245 587; x_wconf 88' lang='lat' dir='ltr'>est,</span> <span class='ocrx_word' id='word_1_20' title='bbox 265 539 316 578; x_wconf 92' lang='lat' dir='ltr'>et</span> <span class='ocrx_word' id='word_1_21' title='bbox 338 547 368 578; x_wconf 82' lang='lat' dir='ltr'>a</span> <span class='ocrx_word' id='word_1_22' title='bbox 391 531 687 578; x_wconf 87' lang='lat' dir='ltr'>mechanicae</span> <span class='ocrx_word' id='word_1_23' title='bbox 705 529 957 594; x_wconf 82' lang='lat' dir='ltr'>principiis</span> <span class='ocrx_word' id='word_1_24' title='bbox 981 529 1155 576; x_wconf 85' lang='lat' dir='ltr'>aliena.</span> <span class='ocrx_word' id='word_1_25' title='bbox 1204 529 1415 586; x_wconf 90' lang='lat' dir='ltr'>Fictitia‚</span> <span class='ocrx_word' id='word_1_26' title='bbox 1430 530 1544 593; x_wconf 85' lang='lat' dir='ltr'>quia</span> 
     </span>
     <span class='ocr_line' id='line_1_5' title="bbox 154 605 1545 670; baseline 0 -18"><span class='ocrx_word' id='word_1_27' title='bbox 154 605 328 653; x_wconf 87' lang='lat' dir='ltr'>nititur</span> <span class='ocrx_word' id='word_1_28' title='bbox 351 606 608 654; x_wconf 88' lang='lat' dir='ltr'>latitudine</span> <span class='ocrx_word' id='word_1_29' title='bbox 628 623 773 670; x_wconf 87' lang='lat' dir='ltr'>quam</span> <span class='ocrx_word' id='word_1_30' title='bbox 798 606 947 654; x_wconf 86' lang='lat' dir='ltr'>radiis</span> <span class='ocrx_word' id='word_1_31' title='bbox 969 605 1123 668; x_wconf 83' lang='lat' dir='ltr'>gratis</span> <span class='ocrx_word' id='word_1_32' title='bbox 1147 605 1352 667; x_wconf 89' lang='lat' dir='ltr'>affingit,</span> <span class='ocrx_word' id='word_1_33' title='bbox 1374 621 1545 670; x_wconf 46' lang='lat' dir='ltr'>qua-12-</span> 
     </span>
     <span class='ocr_line' id='line_1_6' title="bbox 154 679 1544 744; baseline 0.001 -16"><span class='ocrx_word' id='word_1_34' title='bbox 154 696 248 743; x_wconf 90' lang='lat' dir='ltr'>que</span> <span class='ocrx_word' id='word_1_35' title='bbox 272 681 323 728; x_wconf 93' lang='lat' dir='ltr'>in</span> <span class='ocrx_word' id='word_1_36' title='bbox 347 681 538 729; x_wconf 83' lang='lat' dir='ltr'>decima</span> <span class='ocrx_word' id='word_1_37' title='bbox 560 691 733 744; x_wconf 85' lang='lat' dir='ltr'>quarta</span> <span class='ocrx_word' id='word_1_38' title='bbox 755 681 1089 744; x_wconf 86' lang='lat' dir='ltr'>propositione</span> <span class='ocrx_word' id='word_1_39' title='bbox 1114 680 1288 728; x_wconf 89' lang='lat' dir='ltr'>iisdem</span> <span class='ocrx_word' id='word_1_40' title='bbox 1313 679 1544 740; x_wconf 87' lang='lat' dir='ltr'>detrahit,</span> 
     </span>
     <span class='ocr_line' id='line_1_7' title="bbox 153 754 1546 819; baseline -0.001 -16"><span class='ocrx_word' id='word_1_41' title='bbox 153 763 204 803; x_wconf 88' lang='lat' dir='ltr'>et</span> <span class='ocrx_word' id='word_1_42' title='bbox 215 755 530 803; x_wconf 90' lang='lat' dir='ltr'>nihilominus</span> <span class='ocrx_word' id='word_1_43' title='bbox 548 756 719 803; x_wconf 91' lang='lat' dir='ltr'>eodem</span> <span class='ocrx_word' id='word_1_44' title='bbox 739 755 884 803; x_wconf 92' lang='lat' dir='ltr'>modo</span> <span class='ocrx_word' id='word_1_45' title='bbox 900 755 1103 818; x_wconf 87' lang='lat' dir='ltr'>refringi</span> <span class='ocrx_word' id='word_1_46' title='bbox 1119 754 1318 803; x_wconf 88' lang='lat' dir='ltr'>fatetur.</span> <span class='ocrx_word' id='word_1_47' title='bbox 1353 756 1417 802; x_wconf 91' lang='lat' dir='ltr'>Et</span> <span class='ocrx_word' id='word_1_48' title='bbox 1431 756 1546 819; x_wconf 87' lang='lat' dir='ltr'>quia</span> 
     </span>
     <span class='ocr_line' id='line_1_8' title="bbox 154 830 1546 892; baseline 0 -14"><span class='ocrx_word' id='word_1_49' title='bbox 154 830 197 878; x_wconf 91' lang='lat' dir='ltr'>si</span> <span class='ocrx_word' id='word_1_50' title='bbox 219 846 336 879; x_wconf 88' lang='lat' dir='ltr'>vera</span> <span class='ocrx_word' id='word_1_51' title='bbox 359 839 502 885; x_wconf 88' lang='lat' dir='ltr'>esset,</span> <span class='ocrx_word' id='word_1_52' title='bbox 527 830 681 878; x_wconf 91' lang='lat' dir='ltr'>multo</span> <span class='ocrx_word' id='word_1_53' title='bbox 718 830 872 892; x_wconf 86' lang='lat' dir='ltr'>magis</span> <span class='ocrx_word' id='word_1_54' title='bbox 908 830 1112 878; x_wconf 87' lang='lat' dir='ltr'>haberet</span> <span class='ocrx_word' id='word_1_55' title='bbox 1143 830 1306 878; x_wconf 89' lang='lat' dir='ltr'>locum</span> <span class='ocrx_word' id='word_1_56' title='bbox 1330 830 1380 878; x_wconf 90' lang='lat' dir='ltr'>in</span> <span class='ocrx_word' id='word_1_57' title='bbox 1405 839 1546 878; x_wconf 91' lang='lat' dir='ltr'>motu</span> 
     </span>
     <span class='ocr_line' id='line_1_9' title="bbox 152 905 1547 969; baseline 0.001 -16"><span class='ocrx_word' id='word_1_58' title='bbox 152 905 262 969; x_wconf 83' lang='lat' dir='ltr'>pilae</span> <span class='ocrx_word' id='word_1_59' title='bbox 279 921 424 969; x_wconf 85' lang='lat' dir='ltr'>quam</span> <span class='ocrx_word' id='word_1_60' title='bbox 449 906 499 953; x_wconf 90' lang='lat' dir='ltr'>in</span> <span class='ocrx_word' id='word_1_61' title='bbox 525 905 674 953; x_wconf 87' lang='lat' dir='ltr'>radiis</span> <span class='ocrx_word' id='word_1_62' title='bbox 698 905 911 964; x_wconf 91' lang='lat' dir='ltr'>luminis,</span> <span class='ocrx_word' id='word_1_63' title='bbox 927 905 1059 969; x_wconf 91' lang='lat' dir='ltr'>quod</span> <span class='ocrx_word' id='word_1_64' title='bbox 1082 913 1247 954; x_wconf 89' lang='lat' dir='ltr'>tamen</span> <span class='ocrx_word' id='word_1_65' title='bbox 1270 905 1374 969; x_wconf 89' lang='lat' dir='ltr'>ipse</span> <span class='ocrx_word' id='word_1_66' title='bbox 1399 921 1547 969; x_wconf 90' lang='lat' dir='ltr'>supra</span> 
     </span>
     <span class='ocr_line' id='line_1_10' title="bbox 154 980 1545 1044; baseline 0 -16"><span class='ocrx_word' id='word_1_67' title='bbox 154 980 366 1044; x_wconf 77' lang='lat' dir='ltr'>negavit,</span> <span class='ocrx_word' id='word_1_68' title='bbox 402 988 548 1043; x_wconf 84' lang='lat' dir='ltr'>atque</span> <span class='ocrx_word' id='word_1_69' title='bbox 585 981 900 1043; x_wconf 82' lang='lat' dir='ltr'>experientiae</span> <span class='ocrx_word' id='word_1_70' title='bbox 931 989 1198 1044; x_wconf 83' lang='lat' dir='ltr'>repugnat:</span> <span class='ocrx_word' id='word_1_71' title='bbox 1235 989 1291 1028; x_wconf 91' lang='lat' dir='ltr'>ut</span> <span class='ocrx_word' id='word_1_72' title='bbox 1332 988 1383 1028; x_wconf 89' lang='lat' dir='ltr'>et</span> <span class='ocrx_word' id='word_1_73' title='bbox 1419 981 1545 1028; x_wconf 90' lang='lat' dir='ltr'>ratio</span> 
     </span>
     <span class='ocr_line' id='line_1_11' title="bbox 151 1055 1547 1120; baseline -0.001 -16"><span class='ocrx_word' id='word_1_74' title='bbox 151 1065 355 1120; x_wconf 89' lang='lat' dir='ltr'>propter</span> <span class='ocrx_word' id='word_1_75' title='bbox 377 1071 522 1119; x_wconf 87' lang='lat' dir='ltr'>quam</span> <span class='ocrx_word' id='word_1_76' title='bbox 547 1071 694 1119; x_wconf 88' lang='lat' dir='ltr'>supra</span> <span class='ocrx_word' id='word_1_77' title='bbox 707 1056 862 1104; x_wconf 89' lang='lat' dir='ltr'>voluit</span> <span class='ocrx_word' id='word_1_78' title='bbox 885 1056 1033 1118; x_wconf 89' lang='lat' dir='ltr'>pilam</span> <span class='ocrx_word' id='word_1_79' title='bbox 1058 1057 1108 1104; x_wconf 88' lang='lat' dir='ltr'>in</span> <span class='ocrx_word' id='word_1_80' title='bbox 1133 1072 1260 1120; x_wconf 91' lang='lat' dir='ltr'>aqua</span> <span class='ocrx_word' id='word_1_81' title='bbox 1282 1055 1497 1119; x_wconf 88' lang='lat' dir='ltr'>refrangi</span> <span class='ocrx_word' id='word_1_82' title='bbox 1515 1072 1547 1104; x_wconf 83' lang='lat' dir='ltr'>a</span> 
     </span>
     <span class='ocr_line' id='line_1_12' title="bbox 152 1131 1545 1195; baseline 0 -16"><span class='ocrx_word' id='word_1_83' title='bbox 152 1131 560 1195; x_wconf 81' lang='lat' dir='ltr'>perpendiculari,</span> <span class='ocrx_word' id='word_1_84' title='bbox 599 1131 748 1179; x_wconf 88' lang='lat' dir='ltr'>radiis</span> <span class='ocrx_word' id='word_1_85' title='bbox 789 1131 984 1179; x_wconf 90' lang='lat' dir='ltr'>luminis</span> <span class='ocrx_word' id='word_1_86' title='bbox 1020 1133 1211 1187; x_wconf 84' lang='lat' dir='ltr'>meliuS,</span> <span class='ocrx_word' id='word_1_87' title='bbox 1249 1131 1326 1179; x_wconf 88' lang='lat' dir='ltr'>vel</span> <span class='ocrx_word' id='word_1_88' title='bbox 1372 1131 1545 1179; x_wconf 92' lang='lat' dir='ltr'>saltem</span> 
     </span>
     <span class='ocr_line' id='line_1_13' title="bbox 151 1206 1545 1271; baseline 0.001 -17"><span class='ocrx_word' id='word_1_89' title='bbox 151 1222 288 1271; x_wconf 81' lang='lat' dir='ltr'>aeque</span> <span class='ocrx_word' id='word_1_90' title='bbox 311 1208 435 1255; x_wconf 89' lang='lat' dir='ltr'>bene</span> <span class='ocrx_word' id='word_1_91' title='bbox 459 1223 518 1255; x_wconf 90' lang='lat' dir='ltr'>ac</span> <span class='ocrx_word' id='word_1_92' title='bbox 543 1208 698 1255; x_wconf 90' lang='lat' dir='ltr'>motui</span> <span class='ocrx_word' id='word_1_93' title='bbox 722 1207 850 1270; x_wconf 85' lang='lat' dir='ltr'>pilae,</span> <span class='ocrx_word' id='word_1_94' title='bbox 868 1215 1031 1270; x_wconf 88' lang='lat' dir='ltr'>potest</span> <span class='ocrx_word' id='word_1_95' title='bbox 1054 1206 1305 1271; x_wconf 88' lang='lat' dir='ltr'>applicari.</span> <span class='ocrx_word' id='word_1_96' title='bbox 1355 1206 1414 1254; x_wconf 92' lang='lat' dir='ltr'>In</span> <span class='ocrx_word' id='word_1_97' title='bbox 1437 1206 1545 1270; x_wconf 90' lang='lat' dir='ltr'>ipsa</span> 
     </span>
     <span class='ocr_line' id='line_1_14' title="bbox 151 1282 1546 1331; baseline -0.001 -1"><span class='ocrx_word' id='word_1_98' title='bbox 151 1283 282 1331; x_wconf 88' lang='lat' dir='ltr'>enim</span> <span class='ocrx_word' id='word_1_99' title='bbox 318 1283 452 1331; x_wconf 87' lang='lat' dir='ltr'>nulla</span> <span class='ocrx_word' id='word_1_100' title='bbox 485 1284 541 1331; x_wconf 87' lang='lat' dir='ltr'>fit</span> <span class='ocrx_word' id='word_1_101' title='bbox 576 1284 762 1331; x_wconf 89' lang='lat' dir='ltr'>mentio</span> <span class='ocrx_word' id='word_1_102' title='bbox 798 1291 961 1331; x_wconf 90' lang='lat' dir='ltr'>motus</span> <span class='ocrx_word' id='word_1_103' title='bbox 996 1282 1280 1331; x_wconf 86' lang='lat' dir='ltr'>successivi:</span> <span class='ocrx_word' id='word_1_104' title='bbox 1316 1282 1367 1329; x_wconf 91' lang='lat' dir='ltr'>in</span> <span class='ocrx_word' id='word_1_105' title='bbox 1390 1282 1546 1330; x_wconf 88' lang='lat' dir='ltr'>altera</span> 
     </span>
     <span class='ocr_line' id='line_1_15' title="bbox 150 1357 1570 1421; baseline -0.001 -15"><span class='ocrx_word' id='word_1_106' title='bbox 150 1366 315 1407; x_wconf 83' lang='lat' dir='ltr'>autem</span> <span class='ocrx_word' id='word_1_107' title='bbox 339 1375 485 1421; x_wconf 84' lang='lat' dir='ltr'>quam</span> <span class='ocrx_word' id='word_1_108' title='bbox 509 1359 651 1406; x_wconf 87' lang='lat' dir='ltr'>affert</span> <span class='ocrx_word' id='word_1_109' title='bbox 671 1374 760 1421; x_wconf 93' lang='lat' dir='ltr'>pro</span> <span class='ocrx_word' id='word_1_110' title='bbox 784 1358 948 1415; x_wconf 87' lang='lat' dir='ltr'>radiis,</span> <span class='ocrx_word' id='word_1_111' title='bbox 967 1360 1131 1408; x_wconf 86' lang='lat' dir='ltr'>fictitii</span> <span class='ocrx_word' id='word_1_112' title='bbox 1155 1357 1409 1421; x_wconf 88' lang='lat' dir='ltr'>cujusdam</span> <span class='ocrx_word' id='word_1_113' title='bbox 1432 1372 1545 1420; x_wconf 87' lang='lat' dir='ltr'>par-</span> <span class='ocrx_word' id='word_1_114' title='bbox 1562 1393 1570 1399; x_wconf 12' lang='grc' dir='ltr'>μμ</span> 
     </span>
     <span class='ocr_line' id='line_1_16' title="bbox 150 1432 1546 1496; baseline 0 -15"><span class='ocrx_word' id='word_1_115' title='bbox 150 1433 503 1496; x_wconf 87' lang='lat' dir='ltr'>allelogrammi</span> <span class='ocrx_word' id='word_1_116' title='bbox 544 1433 821 1482; x_wconf 84' lang='lat' dir='ltr'>considerat</span> <span class='ocrx_word' id='word_1_117' title='bbox 853 1442 1041 1482; x_wconf 90' lang='lat' dir='ltr'>motum</span> <span class='ocrx_word' id='word_1_118' title='bbox 1082 1432 1424 1489; x_wconf 88' lang='lat' dir='ltr'>successivum,</span> <span class='ocrx_word' id='word_1_119' title='bbox 1449 1441 1546 1481; x_wconf 89' lang='lat' dir='ltr'>est-</span> 
     </span>
     <span class='ocr_line' id='line_1_17' title="bbox 151 1508 1547 1574; baseline -0.001 -17"><span class='ocrx_word' id='word_1_120' title='bbox 151 1510 278 1572; x_wconf 69' lang='lat' dir='ltr'>que*</span> <span class='ocrx_word' id='word_1_121' title='bbox 294 1525 324 1557; x_wconf 89' lang='lat' dir='ltr'>a</span> <span class='ocrx_word' id='word_1_122' title='bbox 338 1509 526 1573; x_wconf 86' lang='lat' dir='ltr'>legibus</span> <span class='ocrx_word' id='word_1_123' title='bbox 546 1509 839 1557; x_wconf 80' lang='lat' dir='ltr'>mechanicae</span> <span class='ocrx_word' id='word_1_124' title='bbox 858 1510 1040 1558; x_wconf 86' lang='lat' dir='ltr'>aliena:</span> <span class='ocrx_word' id='word_1_125' title='bbox 1061 1518 1166 1559; x_wconf 91' lang='lat' dir='ltr'>tum</span> <span class='ocrx_word' id='word_1_126' title='bbox 1181 1509 1296 1574; x_wconf 89' lang='lat' dir='ltr'>quia</span> <span class='ocrx_word' id='word_1_127' title='bbox 1313 1508 1547 1572; x_wconf 90' lang='lat' dir='ltr'>supponit</span> 
     </span>
     <span class='ocr_line' id='line_1_18' title="bbox 150 1585 1193 1648; baseline -0.002 -16"><span class='ocrx_word' id='word_1_128' title='bbox 150 1593 338 1633; x_wconf 89' lang='lat' dir='ltr'>motum</span> <span class='ocrx_word' id='word_1_129' title='bbox 377 1586 531 1648; x_wconf 90' lang='lat' dir='ltr'>partis</span> <span class='ocrx_word' id='word_1_130' title='bbox 579 1586 638 1643; x_wconf 95' lang='lat' dir='ltr'>D,</span> <span class='ocrx_word' id='word_1_131' title='bbox 682 1585 941 1648; x_wconf 88' lang='lat' dir='ltr'>parallelo-</span> <span class='ocrx_word' id='word_1_132' title='bbox 1177 1612 1193 1630; x_wconf 72' lang='lat' dir='ltr'>A</span> 
     </span>
     <span class='ocr_line' id='line_1_19' title="bbox 149 1658 1186 1723; baseline 0 -15"><span class='ocrx_word' id='word_1_133' title='bbox 149 1660 358 1723; x_wconf 77' lang='lat' dir='ltr'>gramini</span> <span class='ocrx_word' id='word_1_134' title='bbox 403 1660 597 1716; x_wconf 90' lang='lat' dir='ltr'>ABCD,</span> <span class='ocrx_word' id='word_1_135' title='bbox 651 1660 940 1708; x_wconf 87' lang='lat' dir='ltr'>tantundem</span> <span class='ocrx_word' id='word_1_136' title='bbox 1183 1658 1186 1660; x_wconf 76' lang='grc'><strong><em>’</em></strong></span> 
     </span>
     <span class='ocr_line' id='line_1_20' title="bbox 150 1662 1182 1804; baseline 0.002 -21"><span class='ocrx_word' id='word_1_137' title='bbox 150 1734 336 1783; x_wconf 85' lang='lat' dir='ltr'>tardari</span> <span class='ocrx_word' id='word_1_138' title='bbox 394 1752 424 1784; x_wconf 86' lang='lat' dir='ltr'>a</span> <span class='ocrx_word' id='word_1_139' title='bbox 487 1736 742 1799; x_wconf 87' lang='lat' dir='ltr'>superficie</span> <span class='ocrx_word' id='word_1_140' title='bbox 802 1753 941 1799; x_wconf 82' lang='lat' dir='ltr'>aquae</span> <span class='ocrx_word' id='word_1_141' title='bbox 993 1784 1009 1803; x_wconf 63' lang='lat' dir='ltr'>c</span> <span class='ocrx_word' id='word_1_142' title='bbox 1036 1662 1182 1804; x_wconf 21' lang='lat' dir='ltr'>fs</span> 
     </span>
     <span class='ocr_line' id='line_1_21' title="bbox 150 1810 1053 1877; baseline 0.001 -16"><span class='ocrx_word' id='word_1_143' title='bbox 150 1813 292 1869; x_wconf 88' lang='lat' dir='ltr'>EDF,</span> <span class='ocrx_word' id='word_1_144' title='bbox 315 1830 427 1862; x_wconf 91' lang='lat' dir='ltr'>cum</span> <span class='ocrx_word' id='word_1_145' title='bbox 451 1816 664 1877; x_wconf 89' lang='lat' dir='ltr'>primum</span> <span class='ocrx_word' id='word_1_146' title='bbox 700 1814 834 1862; x_wconf 88' lang='lat' dir='ltr'>illam</span> <span class='ocrx_word' id='word_1_147' title='bbox 869 1815 941 1862; x_wconf 94' lang='lat' dir='ltr'>in-</span> <span class='ocrx_word' id='word_1_148' title='bbox 1039 1810 1053 1825; x_wconf 28' lang='grc' dir='ltr'>Χ</span> 
     </span>
     <span class='ocr_line' id='line_1_22' title="bbox 148 1889 938 1953; baseline 0.004 -17"><span class='ocrx_word' id='word_1_149' title='bbox 148 1889 386 1952; x_wconf 86' lang='lat' dir='ltr'>greditur,</span> <span class='ocrx_word' id='word_1_150' title='bbox 427 1906 573 1953; x_wconf 91' lang='lat' dir='ltr'>quam</span> <span class='ocrx_word' id='word_1_151' title='bbox 619 1891 765 1952; x_wconf 88' lang='lat' dir='ltr'>paulo</span> <span class='ocrx_word' id='word_1_152' title='bbox 810 1899 938 1953; x_wconf 91' lang='lat' dir='ltr'>post,</span> 
     </span>
     <span class='ocr_line' id='line_1_23' title="bbox 149 1965 938 2029; baseline 0.003 -16"><span class='ocrx_word' id='word_1_153' title='bbox 149 1980 261 2013; x_wconf 90' lang='lat' dir='ltr'>cum</span> <span class='ocrx_word' id='word_1_154' title='bbox 291 1965 456 2029; x_wconf 89' lang='lat' dir='ltr'>plures</span> <span class='ocrx_word' id='word_1_155' title='bbox 485 1973 650 2029; x_wconf 89' lang='lat' dir='ltr'>partes</span> <span class='ocrx_word' id='word_1_156' title='bbox 685 1965 827 2014; x_wconf 87' lang='lat' dir='ltr'>lineae</span> <span class='ocrx_word' id='word_1_157' title='bbox 852 1966 938 2015; x_wconf 85' lang='lat' dir='ltr'>CD</span> 
     </span>
     <span class='ocr_line' id='line_1_24' title="bbox 148 2040 936 2104; baseline 0.003 -16"><span class='ocrx_word' id='word_1_158' title='bbox 148 2040 200 2088; x_wconf 90' lang='lat' dir='ltr'>in</span> <span class='ocrx_word' id='word_1_159' title='bbox 217 2056 394 2104; x_wconf 86' lang='lat' dir='ltr'>aquam</span> <span class='ocrx_word' id='word_1_160' title='bbox 413 2040 646 2089; x_wconf 87' lang='lat' dir='ltr'>demersae</span> <span class='ocrx_word' id='word_1_161' title='bbox 661 2049 775 2089; x_wconf 87' lang='lat' dir='ltr'>sunt</span> <span class='ocrx_word' id='word_1_162' title='bbox 796 2060 807 2088; x_wconf 74' lang='grc' dir='ltr'>ε</span> <span class='ocrx_word' id='word_1_163' title='bbox 831 2049 936 2090; x_wconf 90' lang='lat' dir='ltr'>tum</span> 
     </span>
     <span class='ocr_line' id='line_1_25' title="bbox 149 2107 1003 2179; baseline 0.001 -16"><span class='ocrx_word' id='word_1_164' title='bbox 149 2115 263 2179; x_wconf 85' lang='lat' dir='ltr'>quia</span> <span class='ocrx_word' id='word_1_165' title='bbox 279 2116 331 2164; x_wconf 92' lang='lat' dir='ltr'>in</span> <span class='ocrx_word' id='word_1_166' title='bbox 349 2117 561 2164; x_wconf 90' lang='lat' dir='ltr'>transitu</span> <span class='ocrx_word' id='word_1_167' title='bbox 584 2116 709 2164; x_wconf 89' lang='lat' dir='ltr'>radii</span> <span class='ocrx_word' id='word_1_168' title='bbox 727 2132 756 2164; x_wconf 93' lang='lat' dir='ltr'>a</span> <span class='ocrx_word' id='word_1_169' title='bbox 774 2117 936 2165; x_wconf 91' lang='lat' dir='ltr'>medio</span> <span class='ocrx_word' id='word_1_170' title='bbox 984 2107 1003 2127; x_wconf 72' lang='lat'>⁸</span> 
     </span>
     <span class='ocr_line' id='line_1_26' title="bbox 150 2191 1543 2256; baseline 0.001 -17"><span class='ocrx_word' id='word_1_171' title='bbox 150 2191 363 2240; x_wconf 88' lang='lat' dir='ltr'>densiori</span> <span class='ocrx_word' id='word_1_172' title='bbox 382 2192 432 2239; x_wconf 96' lang='lat' dir='ltr'>in</span> <span class='ocrx_word' id='word_1_173' title='bbox 453 2192 611 2239; x_wconf 87' lang='lat' dir='ltr'>rarius</span> <span class='ocrx_word' id='word_1_174' title='bbox 627 2191 732 2240; x_wconf 91' lang='lat' dir='ltr'>vult</span> <span class='ocrx_word' id='word_1_175' title='bbox 752 2193 920 2256; x_wconf 86' lang='lat' dir='ltr'>augeri</span> <span class='ocrx_word' id='word_1_176' title='bbox 940 2194 1241 2244; x_wconf 90' lang='lat' dir='ltr'>celeritatem</span> <span class='ocrx_word' id='word_1_177' title='bbox 1260 2202 1436 2251; x_wconf 90' lang='lat' dir='ltr'>motus,</span> <span class='ocrx_word' id='word_1_178' title='bbox 1450 2210 1543 2242; x_wconf 89' lang='lat' dir='ltr'>nec</span> 
     </span>
     <span class='ocr_line' id='line_1_27' title="bbox 150 2267 1542 2334; baseline 0.001 -19"><span class='ocrx_word' id='word_1_179' title='bbox 150 2274 314 2315; x_wconf 89' lang='lat' dir='ltr'>tamen</span> <span class='ocrx_word' id='word_1_180' title='bbox 338 2267 455 2315; x_wconf 88' lang='lat' dir='ltr'>dare</span> <span class='ocrx_word' id='word_1_181' title='bbox 484 2275 651 2331; x_wconf 87' lang='lat' dir='ltr'>potest</span> <span class='ocrx_word' id='word_1_182' title='bbox 687 2268 837 2316; x_wconf 91' lang='lat' dir='ltr'>ullam</span> <span class='ocrx_word' id='word_1_183' title='bbox 865 2285 1063 2319; x_wconf 90' lang='lat' dir='ltr'>causam</span> <span class='ocrx_word' id='word_1_184' title='bbox 1101 2271 1241 2319; x_wconf 89' lang='lat' dir='ltr'>istius</span> <span class='ocrx_word' id='word_1_185' title='bbox 1273 2269 1542 2334; x_wconf 88' lang='lat' dir='ltr'>augmenti.</span> 
     </span>
     <span class='ocr_line' id='line_1_28' title="bbox 152 2341 1542 2406; baseline 0.003 -17"><span class='ocrx_word' id='word_1_186' title='bbox 152 2341 312 2390; x_wconf 85' lang='lat' dir='ltr'>Facile</span> <span class='ocrx_word' id='word_1_187' title='bbox 340 2342 470 2390; x_wconf 90' lang='lat' dir='ltr'>enim</span> <span class='ocrx_word' id='word_1_188' title='bbox 501 2342 793 2406; x_wconf 88' lang='lat' dir='ltr'>intelligitur</span> <span class='ocrx_word' id='word_1_189' title='bbox 821 2353 1010 2393; x_wconf 91' lang='lat' dir='ltr'>motum</span> <span class='ocrx_word' id='word_1_190' title='bbox 1039 2346 1224 2395; x_wconf 88' lang='lat' dir='ltr'>tardari</span> <span class='ocrx_word' id='word_1_191' title='bbox 1248 2363 1278 2394; x_wconf 89' lang='lat' dir='ltr'>a</span> <span class='ocrx_word' id='word_1_192' title='bbox 1301 2345 1542 2394; x_wconf 87' lang='lat' dir='ltr'>densitate</span> 
     </span>
     <span class='ocr_line' id='line_1_29' title="bbox 152 2415 1545 2483; baseline 0.003 -19"><span class='ocrx_word' id='word_1_193' title='bbox 152 2415 326 2465; x_wconf 85' lang='lat' dir='ltr'>medii:</span> <span class='ocrx_word' id='word_1_194' title='bbox 363 2417 451 2466; x_wconf 90' lang='lat' dir='ltr'>sed</span> <span class='ocrx_word' id='word_1_195' title='bbox 486 2434 587 2466; x_wconf 92' lang='lat' dir='ltr'>non</span> <span class='ocrx_word' id='word_1_196' title='bbox 620 2418 735 2466; x_wconf 91' lang='lat' dir='ltr'>inde</span> <span class='ocrx_word' id='word_1_197' title='bbox 774 2420 1012 2483; x_wconf 86' lang='lat' dir='ltr'>seqnitur,</span> <span class='ocrx_word' id='word_1_198' title='bbox 1036 2422 1121 2470; x_wconf 93' lang='lat' dir='ltr'>ubi</span> <span class='ocrx_word' id='word_1_199' title='bbox 1151 2438 1253 2470; x_wconf 91' lang='lat' dir='ltr'>non</span> <span class='ocrx_word' id='word_1_200' title='bbox 1287 2428 1363 2469; x_wconf 87' lang='lat' dir='ltr'>est</span> <span class='ocrx_word' id='word_1_201' title='bbox 1403 2428 1545 2469; x_wconf 86' lang='lat' dir='ltr'>tanta.</span> 
     </span>
     <span class='ocr_line' id='line_1_30' title="bbox 154 2491 1542 2557; baseline 0.003 -18"><span class='ocrx_word' id='word_1_202' title='bbox 154 2491 384 2550; x_wconf 86' lang='lat' dir='ltr'>densitas,</span> <span class='ocrx_word' id='word_1_203' title='bbox 408 2492 545 2541; x_wconf 90' lang='lat' dir='ltr'>illum</span> <span class='ocrx_word' id='word_1_204' title='bbox 570 2494 754 2557; x_wconf 89' lang='lat' dir='ltr'>augeri,</span> <span class='ocrx_word' id='word_1_205' title='bbox 779 2494 866 2542; x_wconf 90' lang='lat' dir='ltr'>sed</span> <span class='ocrx_word' id='word_1_206' title='bbox 901 2504 1094 2545; x_wconf 88' lang='lat' dir='ltr'>tantum</span> <span class='ocrx_word' id='word_1_207' title='bbox 1119 2497 1279 2545; x_wconf 89' lang='lat' dir='ltr'>minus</span> <span class='ocrx_word' id='word_1_208' title='bbox 1302 2496 1542 2545; x_wconf 89' lang='lat' dir='ltr'>imminui.</span> 
     </span>
     <span class='ocr_line' id='line_1_31' title="bbox 152 2565 1544 2633; baseline 0.004 -20"><span class='ocrx_word' id='word_1_209' title='bbox 152 2565 278 2614; x_wconf 80' lang='lat' dir='ltr'>Tum</span> <span class='ocrx_word' id='word_1_210' title='bbox 301 2575 504 2630; x_wconf 89' lang='lat' dir='ltr'>propter</span> <span class='ocrx_word' id='word_1_211' title='bbox 520 2568 638 2617; x_wconf 84' lang='lat' dir='ltr'>alias</span> <span class='ocrx_word' id='word_1_212' title='bbox 656 2585 842 2629; x_wconf 79' lang='lat' dir='ltr'>causaS,</span> <span class='ocrx_word' id='word_1_213' title='bbox 863 2585 983 2633; x_wconf 87' lang='lat' dir='ltr'>quas</span> <span class='ocrx_word' id='word_1_214' title='bbox 1001 2588 1169 2620; x_wconf 90' lang='lat' dir='ltr'>omnes</span> <span class='ocrx_word' id='word_1_215' title='bbox 1193 2587 1446 2620; x_wconf 88' lang='lat' dir='ltr'>recensere</span> <span class='ocrx_word' id='word_1_216' title='bbox 1468 2578 1544 2619; x_wconf 87' lang='lat' dir='ltr'>est</span> 
     </span>
     <span class='ocr_line' id='line_1_32' title="bbox 152 2641 374 2704; baseline 0.005 -15"><span class='ocrx_word' id='word_1_217' title='bbox 152 2641 374 2704; x_wconf 89' lang='lat' dir='ltr'>longum.</span> 
     </span>
    </p>
   </div>
   <div class='ocr_carea' id='block_1_3' title="bbox 222 2716 1541 2787">
    <p class='ocr_par' dir='ltr' id='par_1_3' title="bbox 222 2716 1541 2787">
     <span class='ocr_line' id='line_1_33' title="bbox 222 2716 1541 2787; baseline 0.002 -21"><span class='ocrx_word' id='word_1_218' title='bbox 222 2716 410 2766; x_wconf 79' lang='lat' dir='ltr'>Quinta</span> <span class='ocrx_word' id='word_1_219' title='bbox 431 2718 715 2781; x_wconf 88' lang='lat' dir='ltr'>propositio,</span> <span class='ocrx_word' id='word_1_220' title='bbox 740 2721 872 2786; x_wconf 90' lang='lat' dir='ltr'>quod</span> <span class='ocrx_word' id='word_1_221' title='bbox 906 2721 1073 2771; x_wconf 90' lang='lat' dir='ltr'>radius</span> <span class='ocrx_word' id='word_1_222' title='bbox 1100 2723 1297 2787; x_wconf 89' lang='lat' dir='ltr'>oblique</span> <span class='ocrx_word' id='word_1_223' title='bbox 1322 2721 1541 2771; x_wconf 88' lang='lat' dir='ltr'>incidens</span> 
     </span>
    </p>
   </div>
   <div class='ocr_carea' id='block_1_4' title="bbox 1020 1648 1491 2132">
    <p class='ocr_par' dir='ltr' id='par_1_4' title="bbox 1020 1648 1491 2132">
     <span class='ocr_line' id='line_1_34' title="bbox 1020 1648 1491 2132; baseline 0 -271"><span class='ocrx_word' id='word_1_224' title='bbox 1020 1648 1491 2132; x_wconf 95' lang='lat' dir='ltr'>  </span> <span class='ocrx_word' id='word_1_225' title='bbox 1182 1648 1491 1861; x_wconf 95' lang='lat' dir='ltr'> </span> 
     </span>
    </p>
   </div>
   <div class='ocr_carea' id='block_1_5' title="bbox 770 2887 901 2927">
    <p class='ocr_par' dir='ltr' id='par_1_5' title="bbox 770 2887 901 2927">
     <span class='ocr_line' id='line_1_35' title="bbox 770 2887 901 2927; baseline -0.008 0"><span class='ocrx_word' id='word_1_226' title='bbox 770 2887 793 2910; x_wconf 55' lang='lat'>³</span> <span class='ocrx_word' id='word_1_227' title='bbox 825 2887 901 2927; x_wconf 89' lang='lat' dir='ltr'>Sic.</span> 
     </span>
    </p>
   </div>
  </div>
 </body>
</html>
