<?xml version="1.0" encoding="UTF-8"?>
<!DOCTYPE html PUBLIC "-//W3C//DTD XHTML 1.0 Transitional//EN"
    "http://www.w3.org/TR/xhtml1/DTD/xhtml1-transitional.dtd">
<html xmlns="http://www.w3.org/1999/xhtml" xml:lang="en" lang="en">
 <head>
  <title>
</title>
<meta http-equiv="Content-Type" content="text/html;charset=utf-8" />
  <meta name='ocr-system' content='tesseract 3.04.00' />
  <meta name='ocr-capabilities' content='ocr_page ocr_carea ocr_par ocr_line ocrx_word'/>
</head>
<body>
  <div class='ocr_page' id='page_1' title='image "./operaphilosophic05hobbuoft/operaphilosophic05hobbuoft_0055.png"; bbox 0 0 1982 3204; ppageno 0'>
   <div class='ocr_carea' id='block_1_1' title="bbox 476 302 1529 355">
    <p class='ocr_par' dir='ltr' id='par_1_1' title="bbox 476 302 1529 355">
     <span class='ocr_line' id='line_1_1' title="bbox 476 302 1529 355; baseline 0.001 -8"><span class='ocrx_word' id='word_1_1' title='bbox 476 313 740 348; x_wconf 71' lang='lat' dir='ltr'>Rosn&#39;rtm</span> <span class='ocrx_word' id='word_1_2' title='bbox 769 312 1198 348; x_wconf 75' lang='lat' dir='ltr'>GEOMRTRICUM.</span> <span class='ocrx_word' id='word_1_3' title='bbox 1465 302 1529 355; x_wconf 85' lang='grc'>47</span> 
     </span>
    </p>
   </div>
   <div class='ocr_carea' id='block_1_2' title="bbox 141 425 1794 1244">
    <p class='ocr_par' dir='ltr' id='par_1_2' title="bbox 142 425 1794 790">
     <span class='ocr_line' id='line_1_2' title="bbox 209 425 1785 490; baseline -0.003 -15"><span class='ocrx_word' id='word_1_4' title='bbox 209 425 569 489; x_wconf 84' lang='lat' dir='ltr'>Rectangulum</span> <span class='ocrx_word' id='word_1_5' title='bbox 588 441 707 489; x_wconf 91' lang='lat' dir='ltr'>ergo</span> <span class='ocrx_word' id='word_1_6' title='bbox 727 433 803 473; x_wconf 90' lang='lat' dir='ltr'>est</span> <span class='ocrx_word' id='word_1_7' title='bbox 825 425 1017 483; x_wconf 90' lang='lat' dir='ltr'>FGCH,</span> <span class='ocrx_word' id='word_1_8' title='bbox 1036 434 1086 474; x_wconf 88' lang='lat' dir='ltr'>et</span> <span class='ocrx_word' id='word_1_9' title='bbox 1110 427 1356 490; x_wconf 85' lang='lat' dir='ltr'>triangula</span> <span class='ocrx_word' id='word_1_10' title='bbox 1381 426 1528 484; x_wconf 87' lang='lat' dir='ltr'>ABF,</span> <span class='ocrx_word' id='word_1_11' title='bbox 1566 443 1677 470; x_wconf 66' lang='lat' dir='ltr'>taor.</span> <span class='ocrx_word' id='word_1_12' title='bbox 1699 442 1785 469; x_wconf 78' lang='lat' dir='ltr'>xrx.</span> 
     </span>
     <span class='ocr_line' id='line_1_3' title="bbox 142 499 1751 565; baseline 0 -15"><span class='ocrx_word' id='word_1_13' title='bbox 142 499 272 551; x_wconf 84' lang='lat' dir='ltr'>FBG</span> <span class='ocrx_word' id='word_1_14' title='bbox 296 501 485 549; x_wconf 81' lang='lat' dir='ltr'><strong>similia.</strong></span> <span class='ocrx_word' id='word_1_15' title='bbox 555 501 642 549; x_wconf 87' lang='lat' dir='ltr'>Est</span> <span class='ocrx_word' id='word_1_16' title='bbox 676 517 794 565; x_wconf 86' lang='lat' dir='ltr'>ergo</span> <span class='ocrx_word' id='word_1_17' title='bbox 827 508 885 548; x_wconf 87' lang='lat' dir='ltr'>ut</span> <span class='ocrx_word' id='word_1_18' title='bbox 908 499 998 548; x_wconf 92' lang='lat' dir='ltr'>AB</span> <span class='ocrx_word' id='word_1_19' title='bbox 1023 500 1087 548; x_wconf 92' lang='lat' dir='ltr'>ad</span> <span class='ocrx_word' id='word_1_20' title='bbox 1122 500 1222 558; x_wconf 88' lang='lat' dir='ltr'>FB,</span> <span class='ocrx_word' id='word_1_21' title='bbox 1253 502 1322 550; x_wconf 90' lang='lat' dir='ltr'>ita</span> <span class='ocrx_word' id='word_1_22' title='bbox 1354 501 1435 549; x_wconf 88' lang='lat' dir='ltr'>FB</span> <span class='ocrx_word' id='word_1_23' title='bbox 1467 502 1529 550; x_wconf 88' lang='lat' dir='ltr'>ad</span> <span class='ocrx_word' id='word_1_24' title='bbox 1548 527 1751 555; x_wconf 57' lang='lat' dir='ltr'>mmmmm</span> 
     </span>
     <span class='ocr_line' id='line_1_4' title="bbox 142 570 1794 641; baseline 0.001 -17"><span class='ocrx_word' id='word_1_25' title='bbox 142 575 246 634; x_wconf 93' lang='lat' dir='ltr'>BG,</span> <span class='ocrx_word' id='word_1_26' title='bbox 271 584 321 624; x_wconf 89' lang='lat' dir='ltr'>et</span> <span class='ocrx_word' id='word_1_27' title='bbox 343 577 412 624; x_wconf 91' lang='lat' dir='ltr'>ita</span> <span class='ocrx_word' id='word_1_28' title='bbox 436 574 523 625; x_wconf 90' lang='lat' dir='ltr'>BG</span> <span class='ocrx_word' id='word_1_29' title='bbox 540 575 604 624; x_wconf 92' lang='lat' dir='ltr'>ad</span> <span class='ocrx_word' id='word_1_30' title='bbox 628 574 726 624; x_wconf 90' lang='lat' dir='ltr'>BC.</span> <span class='ocrx_word' id='word_1_31' title='bbox 787 575 1003 623; x_wconf 87' lang='lat' dir='ltr'>Inventae</span> <span class='ocrx_word' id='word_1_32' title='bbox 1026 591 1145 639; x_wconf 89' lang='lat' dir='ltr'>ergo</span> <span class='ocrx_word' id='word_1_33' title='bbox 1169 585 1285 624; x_wconf 89' lang='lat' dir='ltr'>sunt</span> <span class='ocrx_word' id='word_1_34' title='bbox 1306 576 1404 635; x_wconf 88' lang='lat' dir='ltr'>BF,</span> <span class='ocrx_word' id='word_1_35' title='bbox 1428 575 1529 635; x_wconf 89' lang='lat' dir='ltr'>BG,</span> <span class='ocrx_word' id='word_1_36' title='bbox 1547 570 1794 641; x_wconf 45' lang='lat' dir='ltr'>ffi&#39;fflnss‘fflf&#39;</span> 
     </span>
     <span class='ocr_line' id='line_1_5' title="bbox 143 651 1530 715; baseline 0 -15"><span class='ocrx_word' id='word_1_37' title='bbox 143 651 254 700; x_wconf 82' lang='lat' dir='ltr'>duae</span> <span class='ocrx_word' id='word_1_38' title='bbox 271 651 446 700; x_wconf 87' lang='lat' dir='ltr'>mediae</span> <span class='ocrx_word' id='word_1_39' title='bbox 465 651 852 715; x_wconf 85' lang='lat' dir='ltr'>proportionales</span> <span class='ocrx_word' id='word_1_40' title='bbox 871 651 1002 698; x_wconf 90' lang='lat' dir='ltr'>inter</span> <span class='ocrx_word' id='word_1_41' title='bbox 1020 651 1186 699; x_wconf 89' lang='lat' dir='ltr'>datam</span> <span class='ocrx_word' id='word_1_42' title='bbox 1206 651 1296 699; x_wconf 93' lang='lat' dir='ltr'>AB</span> <span class='ocrx_word' id='word_1_43' title='bbox 1321 660 1371 700; x_wconf 90' lang='lat' dir='ltr'>et</span> <span class='ocrx_word' id='word_1_44' title='bbox 1394 652 1530 700; x_wconf 91' lang='lat' dir='ltr'>dimi-</span> 
     </span>
     <span class='ocr_line' id='line_1_6' title="bbox 143 725 1188 790; baseline -0.001 -16"><span class='ocrx_word' id='word_1_45' title='bbox 143 725 276 775; x_wconf 87' lang='lat' dir='ltr'><strong>diam</strong></span> <span class='ocrx_word' id='word_1_46' title='bbox 298 728 403 790; x_wconf 90' lang='lat' dir='ltr'>ejus</span> <span class='ocrx_word' id='word_1_47' title='bbox 430 725 527 775; x_wconf 89' lang='lat' dir='ltr'>BC.</span> <span class='ocrx_word' id='word_1_48' title='bbox 597 725 744 775; x_wconf 78' lang='lat' dir='ltr'>Quod</span> <span class='ocrx_word' id='word_1_49' title='bbox 762 733 867 774; x_wconf 88' lang='lat' dir='ltr'>erat</span> <span class='ocrx_word' id='word_1_50' title='bbox 890 725 1188 774; x_wconf 86' lang='lat' dir='ltr'>faciendum.</span> 
     </span>
    </p>

    <p class='ocr_par' dir='ltr' id='par_1_3' title="bbox 141 800 1533 1016">
     <span class='ocr_line' id='line_1_7' title="bbox 214 800 1533 864; baseline 0 -14"><span class='ocrx_word' id='word_1_51' title='bbox 214 800 398 850; x_wconf 83' lang='lat' dir='ltr'>Coroll.</span> <span class='ocrx_word' id='word_1_52' title='bbox 434 800 750 848; x_wconf 81' lang='lat' dir='ltr'>Manifestum</span> <span class='ocrx_word' id='word_1_53' title='bbox 784 810 860 848; x_wconf 90' lang='lat' dir='ltr'>est</span> <span class='ocrx_word' id='word_1_54' title='bbox 890 816 950 848; x_wconf 86' lang='lat' dir='ltr'>ex</span> <span class='ocrx_word' id='word_1_55' title='bbox 984 801 1391 864; x_wconf 62' lang='lat' dir='ltr'><strong>praecedentibus,</strong></span> <span class='ocrx_word' id='word_1_56' title='bbox 1417 802 1533 850; x_wconf 92' lang='lat' dir='ltr'>dua·</span> 
     </span>
     <span class='ocr_line' id='line_1_8' title="bbox 141 876 1533 939; baseline 0.002 -13"><span class='ocrx_word' id='word_1_57' title='bbox 141 892 252 926; x_wconf 87' lang='lat' dir='ltr'>rum</span> <span class='ocrx_word' id='word_1_58' title='bbox 290 876 559 925; x_wconf 88' lang='lat' dir='ltr'>mediarum</span> <span class='ocrx_word' id='word_1_59' title='bbox 594 877 828 939; x_wconf 91' lang='lat' dir='ltr'>majorem</span> <span class='ocrx_word' id='word_1_60' title='bbox 864 891 971 924; x_wconf 90' lang='lat' dir='ltr'>esse</span> <span class='ocrx_word' id='word_1_61' title='bbox 1003 884 1267 935; x_wconf 88' lang='lat' dir='ltr'>octantem,</span> <span class='ocrx_word' id='word_1_62' title='bbox 1292 877 1533 938; x_wconf 53' lang='lat' dir='ltr'>minorent</span> 
     </span>
     <span class='ocr_line' id='line_1_9' title="bbox 144 951 1531 1036; baseline -0.001 -34"><span class='ocrx_word' id='word_1_63' title='bbox 144 952 267 1002; x_wconf 80' lang='lat' dir='ltr'>duas</span> <span class='ocrx_word' id='word_1_64' title='bbox 304 952 498 1036; x_wconf 77' lang='lat' dir='ltr'>quintas</span> <span class='ocrx_word' id='word_1_65' title='bbox 543 967 686 1000; x_wconf 89' lang='lat' dir='ltr'>arcus</span> <span class='ocrx_word' id='word_1_66' title='bbox 733 951 1021 1015; x_wconf 81' lang='lat' dir='ltr'>quadrantis</span> <span class='ocrx_word' id='word_1_67' title='bbox 1059 952 1292 1016; x_wconf 85' lang='lat' dir='ltr'>descripti</span> <span class='ocrx_word' id='word_1_68' title='bbox 1331 953 1392 1000; x_wconf 88' lang='lat' dir='ltr'>ab</span> <span class='ocrx_word' id='word_1_69' title='bbox 1427 953 1531 1001; x_wconf 91' lang='lat' dir='ltr'>AB.</span> 
     </span>
    </p>

    <p class='ocr_par' dir='ltr' id='par_1_4' title="bbox 142 1027 1535 1244">
     <span class='ocr_line' id='line_1_10' title="bbox 144 1027 1535 1092; baseline -0.001 -16"><span class='ocrx_word' id='word_1_70' title='bbox 144 1027 270 1076; x_wconf 88' lang='lat' dir='ltr'>Item</span> <span class='ocrx_word' id='word_1_71' title='bbox 292 1027 397 1086; x_wconf 88' lang='lat' dir='ltr'>AB,</span> <span class='ocrx_word' id='word_1_72' title='bbox 421 1027 523 1075; x_wconf 88' lang='lat' dir='ltr'>sive</span> <span class='ocrx_word' id='word_1_73' title='bbox 548 1027 656 1084; x_wconf 90' lang='lat' dir='ltr'>CH,</span> <span class='ocrx_word' id='word_1_74' title='bbox 676 1027 914 1091; x_wconf 86' lang='lat' dir='ltr'>aequalem</span> <span class='ocrx_word' id='word_1_75' title='bbox 934 1043 1039 1076; x_wconf 90' lang='lat' dir='ltr'>esse</span> <span class='ocrx_word' id='word_1_76' title='bbox 1063 1027 1166 1076; x_wconf 90' lang='lat' dir='ltr'>FG.</span> <span class='ocrx_word' id='word_1_77' title='bbox 1192 1037 1243 1076; x_wconf 88' lang='lat' dir='ltr'>et</span> <span class='ocrx_word' id='word_1_78' title='bbox 1268 1028 1354 1077; x_wconf 90' lang='lat' dir='ltr'>BG</span> <span class='ocrx_word' id='word_1_79' title='bbox 1371 1044 1535 1092; x_wconf 89' lang='lat' dir='ltr'>aequa-</span> 
     </span>
     <span class='ocr_line' id='line_1_11' title="bbox 142 1103 1533 1167; baseline -0.001 -15"><span class='ocrx_word' id='word_1_80' title='bbox 142 1103 241 1153; x_wconf 87' lang='lat' dir='ltr'>lem</span> <span class='ocrx_word' id='word_1_81' title='bbox 270 1119 376 1152; x_wconf 84' lang='lat' dir='ltr'>esse</span> <span class='ocrx_word' id='word_1_82' title='bbox 406 1103 478 1151; x_wconf 91' lang='lat' dir='ltr'>illi</span> <span class='ocrx_word' id='word_1_83' title='bbox 511 1104 641 1167; x_wconf 90' lang='lat' dir='ltr'>parti</span> <span class='ocrx_word' id='word_1_84' title='bbox 670 1113 820 1152; x_wconf 87' lang='lat' dir='ltr'>rectae</span> <span class='ocrx_word' id='word_1_85' title='bbox 859 1104 953 1152; x_wconf 94' lang='lat' dir='ltr'>CH</span> <span class='ocrx_word' id='word_1_86' title='bbox 989 1120 1136 1167; x_wconf 91' lang='lat' dir='ltr'>quam</span> <span class='ocrx_word' id='word_1_87' title='bbox 1170 1103 1415 1151; x_wconf 82' lang='lat' dir='ltr'>abscindit</span> <span class='ocrx_word' id='word_1_88' title='bbox 1446 1103 1533 1151; x_wconf 88' lang='lat' dir='ltr'>AB</span> 
     </span>
     <span class='ocr_line' id='line_1_12' title="bbox 142 1179 1532 1244; baseline 0 -17"><span class='ocrx_word' id='word_1_89' title='bbox 142 1179 522 1244; x_wconf 83' lang='lat' dir='ltr'>computandam</span> <span class='ocrx_word' id='word_1_90' title='bbox 546 1196 576 1227; x_wconf 91' lang='lat' dir='ltr'>a</span> <span class='ocrx_word' id='word_1_91' title='bbox 598 1187 783 1243; x_wconf 91' lang='lat' dir='ltr'>puncto</span> <span class='ocrx_word' id='word_1_92' title='bbox 807 1180 862 1228; x_wconf 91' lang='lat' dir='ltr'>C.</span> <span class='ocrx_word' id='word_1_93' title='bbox 933 1179 1059 1228; x_wconf 76' lang='lat' dir='ltr'>Quae</span> <span class='ocrx_word' id='word_1_94' title='bbox 1083 1179 1247 1228; x_wconf 89' lang='lat' dir='ltr'>omnia</span> <span class='ocrx_word' id='word_1_95' title='bbox 1277 1179 1341 1228; x_wconf 91' lang='lat' dir='ltr'>ad</span> <span class='ocrx_word' id='word_1_96' title='bbox 1365 1179 1532 1228; x_wconf 92' lang='lat' dir='ltr'>oculos</span> 
     </span>
    </p>
   </div>
   <div class='ocr_carea' id='block_1_3' title="bbox 145 1253 1131 1318">
    <p class='ocr_par' dir='ltr' id='par_1_5' title="bbox 145 1253 1131 1318">
     <span class='ocr_line' id='line_1_13' title="bbox 145 1253 1131 1318; baseline -0.002 -14"><span class='ocrx_word' id='word_1_97' title='bbox 145 1253 450 1304; x_wconf 88' lang='lat' dir='ltr'>demonstrat</span> <span class='ocrx_word' id='word_1_98' title='bbox 472 1255 791 1318; x_wconf 84' lang='lat' dir='ltr'>problematis</span> <span class='ocrx_word' id='word_1_99' title='bbox 813 1255 1131 1304; x_wconf 88' lang='lat' dir='ltr'>constructio.</span> 
     </span>
    </p>
   </div>
   <div class='ocr_carea' id='block_1_4' title="bbox 710 1486 972 1498">
    <p class='ocr_par' dir='ltr' id='par_1_6' title="bbox 710 1486 972 1498">
     <span class='ocr_line' id='line_1_14' title="bbox 710 1486 972 1498; baseline 0 0"><span class='ocrx_word' id='word_1_100' title='bbox 710 1486 972 1498; x_wconf 95' lang='lat' dir='ltr'> </span> 
     </span>
    </p>
   </div>
   <div class='ocr_carea' id='block_1_5' title="bbox 672 1624 1008 1673">
    <p class='ocr_par' dir='ltr' id='par_1_7' title="bbox 672 1624 1008 1673">
     <span class='ocr_line' id='line_1_15' title="bbox 672 1624 1008 1673; baseline 0 -1"><span class='ocrx_word' id='word_1_101' title='bbox 672 1624 856 1673; x_wconf 87' lang='lat' dir='ltr'>PROP.</span> <span class='ocrx_word' id='word_1_102' title='bbox 892 1625 1008 1672; x_wconf 91' lang='lat' dir='ltr'>XX.</span> 
     </span>
    </p>
   </div>
   <div class='ocr_carea' id='block_1_6' title="bbox 170 1754 1513 1795">
    <p class='ocr_par' dir='ltr' id='par_1_8' title="bbox 170 1754 1513 1795">
     <span class='ocr_line' id='line_1_16' title="bbox 170 1754 1513 1795; baseline 0.001 -6"><span class='ocrx_word' id='word_1_103' title='bbox 170 1755 244 1790; x_wconf 78' lang='lat' dir='ltr'>1)ss</span> <span class='ocrx_word' id='word_1_104' title='bbox 270 1754 490 1790; x_wconf 72' lang='lat' dir='ltr'>CENTRO</span> <span class='ocrx_word' id='word_1_105' title='bbox 517 1756 853 1791; x_wconf 79' lang='lat' dir='ltr'>GRAVITATIS</span> <span class='ocrx_word' id='word_1_106' title='bbox 881 1756 1242 1795; x_wconf 81' lang='lat' dir='ltr'><strong>QUADRANTIS</strong></span> <span class='ocrx_word' id='word_1_107' title='bbox 1270 1756 1513 1791; x_wconf 86' lang='lat' dir='ltr'>CIRCULI.</span> 
     </span>
    </p>
   </div>
   <div class='ocr_carea' id='block_1_7' title="bbox 147 1850 1544 2970">
    <p class='ocr_par' dir='ltr' id='par_1_9' title="bbox 147 1850 1540 2142">
     <span class='ocr_line' id='line_1_17' title="bbox 148 1850 1538 1914; baseline 0 -15"><span class='ocrx_word' id='word_1_108' title='bbox 148 1850 426 1900; x_wconf 71' lang='lat' dir='ltr'>CENTRUM</span> <span class='ocrx_word' id='word_1_109' title='bbox 450 1851 708 1913; x_wconf 85' lang='lat' dir='ltr'>gravitatis</span> <span class='ocrx_word' id='word_1_110' title='bbox 727 1850 1014 1914; x_wconf 86' lang='lat' dir='ltr'>quadrantis</span> <span class='ocrx_word' id='word_1_111' title='bbox 1038 1851 1208 1899; x_wconf 92' lang='lat' dir='ltr'>circuli</span> <span class='ocrx_word' id='word_1_112' title='bbox 1230 1858 1304 1899; x_wconf 90' lang='lat' dir='ltr'>est</span> <span class='ocrx_word' id='word_1_113' title='bbox 1327 1851 1378 1899; x_wconf 90' lang='lat' dir='ltr'>in</span> <span class='ocrx_word' id='word_1_114' title='bbox 1402 1859 1538 1900; x_wconf 85' lang='lat' dir='ltr'>recta</span> 
     </span>
     <span class='ocr_line' id='line_1_18' title="bbox 147 1925 1540 1975; baseline -0.001 0"><span class='ocrx_word' id='word_1_115' title='bbox 147 1942 176 1975; x_wconf 86' lang='lat' dir='ltr'>e</span> <span class='ocrx_word' id='word_1_116' title='bbox 198 1933 370 1975; x_wconf 89' lang='lat' dir='ltr'>centro</span> <span class='ocrx_word' id='word_1_117' title='bbox 390 1925 640 1974; x_wconf 87' lang='lat' dir='ltr'>dividente</span> <span class='ocrx_word' id='word_1_118' title='bbox 659 1942 827 1974; x_wconf 91' lang='lat' dir='ltr'>arcum</span> <span class='ocrx_word' id='word_1_119' title='bbox 850 1926 1076 1974; x_wconf 86' lang='lat' dir='ltr'>bifariam</span> <span class='ocrx_word' id='word_1_120' title='bbox 1098 1944 1109 1973; x_wconf 90' lang='lat'>:</span> <span class='ocrx_word' id='word_1_121' title='bbox 1134 1933 1184 1974; x_wconf 92' lang='lat' dir='ltr'>et</span> <span class='ocrx_word' id='word_1_122' title='bbox 1203 1926 1355 1974; x_wconf 90' lang='lat' dir='ltr'>distat</span> <span class='ocrx_word' id='word_1_123' title='bbox 1377 1943 1407 1974; x_wconf 93' lang='lat' dir='ltr'>a</span> <span class='ocrx_word' id='word_1_124' title='bbox 1424 1943 1540 1975; x_wconf 88' lang='lat' dir='ltr'>cen-</span> 
     </span>
     <span class='ocr_line' id='line_1_19' title="bbox 147 2001 1540 2066; baseline -0.001 -15"><span class='ocrx_word' id='word_1_125' title='bbox 147 2010 229 2051; x_wconf 92' lang='lat' dir='ltr'>tro</span> <span class='ocrx_word' id='word_1_126' title='bbox 257 2001 428 2050; x_wconf 93' lang='lat' dir='ltr'>circuli</span> <span class='ocrx_word' id='word_1_127' title='bbox 463 2010 604 2050; x_wconf 89' lang='lat' dir='ltr'>tanto</span> <span class='ocrx_word' id='word_1_128' title='bbox 642 2010 826 2066; x_wconf 88' lang='lat' dir='ltr'>quanta</span> <span class='ocrx_word' id='word_1_129' title='bbox 855 2011 932 2050; x_wconf 89' lang='lat' dir='ltr'>est</span> <span class='ocrx_word' id='word_1_130' title='bbox 966 2001 1127 2050; x_wconf 90' lang='lat' dir='ltr'>media</span> <span class='ocrx_word' id='word_1_131' title='bbox 1159 2002 1540 2066; x_wconf 89' lang='lat' dir='ltr'>proportionalis</span> 
     </span>
     <span class='ocr_line' id='line_1_20' title="bbox 148 2077 1300 2142; baseline 0 -17"><span class='ocrx_word' id='word_1_132' title='bbox 148 2077 278 2126; x_wconf 87' lang='lat' dir='ltr'>inter</span> <span class='ocrx_word' id='word_1_133' title='bbox 301 2077 718 2126; x_wconf 89' lang='lat' dir='ltr'>semidiametrum</span> <span class='ocrx_word' id='word_1_134' title='bbox 742 2085 791 2126; x_wconf 90' lang='lat' dir='ltr'>et</span> <span class='ocrx_word' id='word_1_135' title='bbox 816 2077 938 2126; x_wconf 90' lang='lat' dir='ltr'>duas</span> <span class='ocrx_word' id='word_1_136' title='bbox 960 2079 1065 2141; x_wconf 88' lang='lat' dir='ltr'>ejus</span> <span class='ocrx_word' id='word_1_137' title='bbox 1089 2078 1300 2142; x_wconf 90' lang='lat' dir='ltr'>quintas.</span> 
     </span>
    </p>

    <p class='ocr_par' dir='ltr' id='par_1_10' title="bbox 149 2152 1542 2352">
     <span class='ocr_line' id='line_1_21' title="bbox 214 2152 1541 2217; baseline 0.001 -17"><span class='ocrx_word' id='word_1_138' title='bbox 214 2152 535 2201; x_wconf 88' lang='lat' dir='ltr'>Describatur</span> <span class='ocrx_word' id='word_1_139' title='bbox 554 2153 849 2217; x_wconf 89' lang='lat' dir='ltr'>quadratum</span> <span class='ocrx_word' id='word_1_140' title='bbox 867 2152 1064 2211; x_wconf 91' lang='lat' dir='ltr'>ABCD,</span> <span class='ocrx_word' id='word_1_141' title='bbox 1084 2157 1203 2201; x_wconf 85' lang='lat' dir='ltr'>etin</span> <span class='ocrx_word' id='word_1_142' title='bbox 1218 2169 1276 2201; x_wconf 92' lang='lat' dir='ltr'>eo</span> <span class='ocrx_word' id='word_1_143' title='bbox 1295 2153 1541 2217; x_wconf 89' lang='lat' dir='ltr'>quadrans</span> 
     </span>
     <span class='ocr_line' id='line_1_22' title="bbox 149 2226 1542 2292; baseline 0.001 -16"><span class='ocrx_word' id='word_1_144' title='bbox 149 2226 310 2277; x_wconf 82' lang='lat' dir='ltr'>ADC:</span> <span class='ocrx_word' id='word_1_145' title='bbox 346 2227 685 2292; x_wconf 89' lang='lat' dir='ltr'>ducanturque</span> <span class='ocrx_word' id='word_1_146' title='bbox 729 2228 1010 2291; x_wconf 87' lang='lat' dir='ltr'>diagonales</span> <span class='ocrx_word' id='word_1_147' title='bbox 1045 2226 1149 2287; x_wconf 89' lang='lat' dir='ltr'>AC,</span> <span class='ocrx_word' id='word_1_148' title='bbox 1186 2227 1292 2288; x_wconf 92' lang='lat' dir='ltr'>BD,</span> <span class='ocrx_word' id='word_1_149' title='bbox 1335 2245 1542 2292; x_wconf 86' lang='lat' dir='ltr'>quarum</span> 
     </span>
     <span class='ocr_line' id='line_1_23' title="bbox 149 2300 1167 2352; baseline -0.001 0"><span class='ocrx_word' id='word_1_150' title='bbox 149 2300 242 2351; x_wconf 93' lang='lat' dir='ltr'>BD</span> <span class='ocrx_word' id='word_1_151' title='bbox 266 2303 456 2352; x_wconf 86' lang='lat' dir='ltr'>secabit</span> <span class='ocrx_word' id='word_1_152' title='bbox 478 2319 647 2352; x_wconf 89' lang='lat' dir='ltr'>arcum</span> <span class='ocrx_word' id='word_1_153' title='bbox 671 2302 759 2352; x_wconf 91' lang='lat' dir='ltr'>AC</span> <span class='ocrx_word' id='word_1_154' title='bbox 785 2304 1010 2351; x_wconf 83' lang='lat' dir='ltr'>bifariam</span> <span class='ocrx_word' id='word_1_155' title='bbox 1033 2303 1085 2351; x_wconf 91' lang='lat' dir='ltr'>in</span> <span class='ocrx_word' id='word_1_156' title='bbox 1108 2303 1167 2351; x_wconf 95' lang='lat' dir='ltr'>L.</span> 
     </span>
    </p>

    <p class='ocr_par' dir='ltr' id='par_1_11' title="bbox 150 2376 1543 2654">
     <span class='ocr_line' id='line_1_24' title="bbox 217 2376 1542 2442; baseline 0.001 -16"><span class='ocrx_word' id='word_1_157' title='bbox 217 2376 505 2427; x_wconf 85' lang='lat' dir='ltr'>Inveniatur</span> <span class='ocrx_word' id='word_1_158' title='bbox 526 2379 657 2428; x_wconf 91' lang='lat' dir='ltr'>inter</span> <span class='ocrx_word' id='word_1_159' title='bbox 678 2378 1094 2427; x_wconf 90' lang='lat' dir='ltr'>semidiametrum</span> <span class='ocrx_word' id='word_1_160' title='bbox 1119 2377 1206 2428; x_wconf 89' lang='lat' dir='ltr'>DC</span> <span class='ocrx_word' id='word_1_161' title='bbox 1226 2386 1274 2427; x_wconf 90' lang='lat' dir='ltr'>et</span> <span class='ocrx_word' id='word_1_162' title='bbox 1292 2379 1412 2427; x_wconf 89' lang='lat' dir='ltr'>duas</span> <span class='ocrx_word' id='word_1_163' title='bbox 1435 2380 1542 2442; x_wconf 90' lang='lat' dir='ltr'>ejus</span> 
     </span>
     <span class='ocr_line' id='line_1_25' title="bbox 150 2452 1542 2519; baseline 0 -17"><span class='ocrx_word' id='word_1_164' title='bbox 150 2453 346 2518; x_wconf 86' lang='lat' dir='ltr'>quintas</span> <span class='ocrx_word' id='word_1_165' title='bbox 363 2453 527 2503; x_wconf 89' lang='lat' dir='ltr'>media</span> <span class='ocrx_word' id='word_1_166' title='bbox 544 2454 924 2519; x_wconf 88' lang='lat' dir='ltr'>proportionalis</span> <span class='ocrx_word' id='word_1_167' title='bbox 950 2452 1043 2502; x_wconf 87' lang='lat' dir='ltr'>DR</span> <span class='ocrx_word' id='word_1_168' title='bbox 1066 2472 1078 2501; x_wconf 83' lang='lat' dir='ltr'>z</span> <span class='ocrx_word' id='word_1_169' title='bbox 1102 2462 1153 2501; x_wconf 91' lang='lat' dir='ltr'>et</span> <span class='ocrx_word' id='word_1_170' title='bbox 1175 2453 1314 2502; x_wconf 90' lang='lat' dir='ltr'>radio</span> <span class='ocrx_word' id='word_1_171' title='bbox 1339 2454 1432 2502; x_wconf 86' lang='lat' dir='ltr'>DR</span> <span class='ocrx_word' id='word_1_172' title='bbox 1457 2454 1542 2502; x_wconf 91' lang='lat' dir='ltr'>de-</span> 
     </span>
     <span class='ocr_line' id='line_1_26' title="bbox 151 2528 1543 2594; baseline -0.001 -17"><span class='ocrx_word' id='word_1_173' title='bbox 151 2529 395 2578; x_wconf 82' lang='lat' dir='ltr'>scribatur</span> <span class='ocrx_word' id='word_1_174' title='bbox 428 2545 571 2578; x_wconf 86' lang='lat' dir='ltr'>arcus</span> <span class='ocrx_word' id='word_1_175' title='bbox 594 2529 881 2594; x_wconf 89' lang='lat' dir='ltr'>quadrantis</span> <span class='ocrx_word' id='word_1_176' title='bbox 916 2529 1015 2588; x_wconf 89' lang='lat' dir='ltr'>RS,</span> <span class='ocrx_word' id='word_1_177' title='bbox 1040 2544 1210 2577; x_wconf 88' lang='lat' dir='ltr'>secans</span> <span class='ocrx_word' id='word_1_178' title='bbox 1233 2528 1543 2592; x_wconf 88' lang='lat' dir='ltr'>diagonalem</span> 
     </span>
     <span class='ocr_line' id='line_1_27' title="bbox 152 2601 387 2654; baseline 0 -2"><span class='ocrx_word' id='word_1_179' title='bbox 152 2601 244 2654; x_wconf 92' lang='lat' dir='ltr'>BD</span> <span class='ocrx_word' id='word_1_180' title='bbox 266 2604 319 2653; x_wconf 89' lang='lat' dir='ltr'>in</span> <span class='ocrx_word' id='word_1_181' title='bbox 340 2621 387 2653; x_wconf 79' lang='lat' dir='ltr'>z.</span> 
     </span>
    </p>

    <p class='ocr_par' dir='ltr' id='par_1_12' title="bbox 218 2677 1539 2744">
     <span class='ocr_line' id='line_1_28' title="bbox 218 2677 1539 2744; baseline -0.002 -16"><span class='ocrx_word' id='word_1_182' title='bbox 218 2677 345 2728; x_wconf 88' lang='lat' dir='ltr'>Dico</span> <span class='ocrx_word' id='word_1_183' title='bbox 368 2697 400 2728; x_wconf 85' lang='lat' dir='ltr'><em>z</em></span> <span class='ocrx_word' id='word_1_184' title='bbox 422 2695 528 2730; x_wconf 63' lang='lat' dir='ltr'>esse</span> <span class='ocrx_word' id='word_1_185' title='bbox 551 2688 779 2729; x_wconf 89' lang='lat' dir='ltr'>centrum</span> <span class='ocrx_word' id='word_1_186' title='bbox 800 2680 1058 2744; x_wconf 85' lang='lat' dir='ltr'>gravitatis</span> <span class='ocrx_word' id='word_1_187' title='bbox 1076 2680 1362 2744; x_wconf 90' lang='lat' dir='ltr'>quadrantis</span> <span class='ocrx_word' id='word_1_188' title='bbox 1388 2677 1539 2728; x_wconf 87' lang='lat' dir='ltr'>DAC.</span> 
     </span>
    </p>

    <p class='ocr_par' dir='ltr' id='par_1_13' title="bbox 154 2753 1544 2970">
     <span class='ocr_line' id='line_1_29' title="bbox 220 2753 1543 2819; baseline -0.002 -17"><span class='ocrx_word' id='word_1_189' title='bbox 220 2753 427 2803; x_wconf 83' lang='lat' dir='ltr'>Secetur</span> <span class='ocrx_word' id='word_1_190' title='bbox 448 2755 744 2819; x_wconf 88' lang='lat' dir='ltr'>quadratum</span> <span class='ocrx_word' id='word_1_191' title='bbox 766 2754 947 2805; x_wconf 89' lang='lat' dir='ltr'>ABCD</span> <span class='ocrx_word' id='word_1_192' title='bbox 971 2772 1001 2804; x_wconf 92' lang='lat' dir='ltr'>a</span> <span class='ocrx_word' id='word_1_193' title='bbox 1030 2756 1181 2804; x_wconf 88' lang='lat' dir='ltr'>rectis</span> <span class='ocrx_word' id='word_1_194' title='bbox 1211 2756 1307 2813; x_wconf 89' lang='lat' dir='ltr'>EF,</span> <span class='ocrx_word' id='word_1_195' title='bbox 1331 2755 1443 2810; x_wconf 91' lang='lat' dir='ltr'>GH,</span> <span class='ocrx_word' id='word_1_196' title='bbox 1467 2769 1543 2800; x_wconf 88' lang='lat' dir='ltr'>se-</span> 
     </span>
     <span class='ocr_line' id='line_1_30' title="bbox 154 2823 1544 2895; baseline -0.001 -18"><span class='ocrx_word' id='word_1_197' title='bbox 154 2829 381 2879; x_wconf 82' lang='lat' dir='ltr'>cantibus</span> <span class='ocrx_word' id='word_1_198' title='bbox 401 2845 455 2879; x_wconf 85' lang='lat' dir='ltr'>se</span> <span class='ocrx_word' id='word_1_199' title='bbox 476 2840 647 2880; x_wconf 91' lang='lat' dir='ltr'>mutuo</span> <span class='ocrx_word' id='word_1_200' title='bbox 665 2823 716 2880; x_wconf 82' lang='lat' dir='ltr'>et</span> <span class='ocrx_word' id='word_1_201' title='bbox 732 2831 797 2880; x_wconf 89' lang='lat' dir='ltr'>ad</span> <span class='ocrx_word' id='word_1_202' title='bbox 818 2831 1025 2895; x_wconf 86' lang='lat' dir='ltr'>angulos</span> <span class='ocrx_word' id='word_1_203' title='bbox 1042 2839 1204 2879; x_wconf 87' lang='lat' dir='ltr'>rectos</span> <span class='ocrx_word' id='word_1_204' title='bbox 1220 2830 1272 2878; x_wconf 92' lang='lat' dir='ltr'>in</span> <span class='ocrx_word' id='word_1_205' title='bbox 1293 2829 1334 2888; x_wconf 94' lang='lat' dir='ltr'>I,</span> <span class='ocrx_word' id='word_1_206' title='bbox 1349 2828 1544 2892; x_wconf 91' lang='lat' dir='ltr'>quadri·</span> 
     </span>
     <span class='ocr_line' id='line_1_31' title="bbox 155 2903 1543 2970; baseline -0.002 -18"><span class='ocrx_word' id='word_1_207' title='bbox 155 2903 343 2953; x_wconf 83' lang='lat' dir='ltr'>fariam.</span> <span class='ocrx_word' id='word_1_208' title='bbox 412 2905 657 2970; x_wconf 84' lang='lat' dir='ltr'>Jungatur</span> <span class='ocrx_word' id='word_1_209' title='bbox 681 2905 785 2966; x_wconf 87' lang='lat' dir='ltr'>DF,</span> <span class='ocrx_word' id='word_1_210' title='bbox 811 2922 981 2955; x_wconf 89' lang='lat' dir='ltr'>secans</span> <span class='ocrx_word' id='word_1_211' title='bbox 1010 2922 1179 2955; x_wconf 89' lang='lat' dir='ltr'>arcum</span> <span class='ocrx_word' id='word_1_212' title='bbox 1203 2905 1290 2953; x_wconf 90' lang='lat' dir='ltr'>AC</span> <span class='ocrx_word' id='word_1_213' title='bbox 1316 2905 1366 2952; x_wconf 92' lang='lat' dir='ltr'>in</span> <span class='ocrx_word' id='word_1_214' title='bbox 1391 2904 1458 2951; x_wconf 92' lang='lat' dir='ltr'>P:</span> <span class='ocrx_word' id='word_1_215' title='bbox 1493 2908 1543 2950; x_wconf 91' lang='lat' dir='ltr'>et</span> 
     </span>
    </p>
   </div>
  </div>
 </body>
</html>
