1982 3204
585 313 698 348 Lux
725 311 1148 363 ΜΑτΗΒΜΑἸ-ιοᾼ.
1462 304 1553 350 145

169 422 339 488 BuyA,
363 423 531 488 AysD,
555 424 716 484 ⁸DaC‚
741 422 946 488 aequalia
974 437 1066 486 pro
1091 428 1302 485 quatuor
1323 422 1557 472 lateribus
1575 440 1764 469 con-mox
1768 439 1839 466 n-

168 498 396 563 quadrati
427 500 619 558 ABCD,
644 501 696 548 in
732 497 1072 562 subtriplicata
1102 497 1293 545 ratione
1321 498 1446 546 radii
1469 499 1557 548 DC
1609 496 1693 553 ,⁵¹⁸
1715 494 1803 553 ¹¹¹2

167 573 233 623 ad
255 574 570 623 semiradium
593 575 687 623 Dk.

236 650 410 714 Itaque
425 651 635 715 objectio
649 649 857 698 Wallisii
870 664 969 697 non
988 647 1193 712 impedit
1210 648 1328 711 quin
1346 649 1558 698 semissis

167 740 311 774 arcus
334 725 618 789 quadrantis
650 725 715 773 sit
738 725 894 787 major
917 723 1125 771 duarum
1148 723 1421 771 mediarum
1445 740 1556 773 con-

168 801 306 850 tinue
328 800 767 865 proportionalium
785 799 914 847 inter
936 798 1128 847 radium
1151 806 1203 847 et
1225 799 1557 864 semiradium.

170 877 484 941 Quapropter
523 876 880 940 propositiones
916 874 1033 923 xviii
1067 882 1118 923 et
1154 875 1237 922 xix
1278 875 1447 938 judico
1494 868 1555 923 aas

170 952 422 1001 Hobbesio
453 968 558 1000 esse
593 952 717 999 bene
742 950 1133 998 demonstratas:
1170 966 1368 998 causam
1390 957 1557 998 autem

168 1043 318 1092 quare
340 1026 560 1075 Wallisio
592 1026 735 1075 aliter
764 1026 922 1074 visum
959 1034 1051 1084 est,
1086 1025 1233 1073 aliam
1270 1041 1371 1073 non
1409 1026 1557 1074 fuisse

169 1118 316 1167 quam
330 1102 463 1166 quod
480 1102 706 1166 quadrati
725 1101 1111 1164 magnitudinem
1128 1101 1403 1164 computari
1416 1117 1557 1165 posse

168 1178 464 1227 existimavit
487 1194 576 1242 per
598 1176 931 1240 longitudines
963 1177 1067 1225 sine
1089 1176 1365 1234 latitudine,
1390 1177 1441 1224 id
1466 1186 1556 1237 est,

166 1268 257 1318 per
286 1252 466 1302 diversi
501 1253 695 1317 generis
735 1253 1089 1316 quantitatem:
1123 1252 1256 1316 quod
1279 1260 1352 1300 est
1374 1253 1556 1317 impos-

169 1328 323 1378 sibile.

0 1386 11 1464 ἓ
240 1404 354 1452 Cor.
392 1403 559 1451 Minor
588 1402 859 1451 mediarum
891 1403 1098 1451 duarum
1121 1403 1250 1452 inter
1272 1412 1459 1452 rectam
1482 1398 1570 1452 to-*

0 1465 11 1498 ’ἒ
168 1486 271 1529 tam
294 1487 345 1527 et
368 1477 636 1535 dimidiam,
667 1486 742 1526 est
778 1478 989 1526 semissis
1021 1478 1292 1542 diagonalis
1332 1479 1560 1542 quadrati

170 1554 306 1618 quod
339 1554 405 1602 sit
440 1562 650 1618 quatuor
686 1554 871 1617 quintae
907 1562 1072 1617 partes
1109 1553 1338 1617 quadrati
1367 1570 1398 1602 a
1436 1562 1556 1603 tota.

171 1630 301 1679 Nam
323 1647 367 1688 e,
388 1646 499 1694 quae
533 1638 610 1677 est
649 1630 810 1677 minor
849 1629 1119 1677 mediarum
1150 1629 1278 1678 inter
1300 1630 1388 1678 DC
1410 1638 1462 1678 et
1485 1646 1561 1678 se-

170 1706 366 1756 missem
389 1707 493 1770 ejus
516 1705 611 1763 Dle,
636 1714 714 1754 est
737 1705 939 1753 dimidia
962 1705 1059 1755 DQ
1079 1705 1180 1753 sive
1205 1705 1408 1754 dimidia
1431 1706 1524 1754 DK
1544 1724 1557 1753 z

170 1790 287 1831 sunt
326 1782 457 1830 enim
481 1781 578 1830 DQ
600 1789 651 1829 et
674 1781 767 1829 DK
793 1780 1020 1844 aequales,
1050 1789 1252 1845 propter
1292 1781 1470 1829 similia
1510 1790 1562 1830 et

170 1857 380 1921 aequalia
402 1857 647 1920 triangula
665 1857 821 1916 DYQ,
846 1857 989 1921 DqK.
1061 1857 1192 1906 Quia
1227 1857 1358 1905 euim
1395 1857 1563 1921 anguli

171 1933 403 1997 deinceps
426 1932 491 1981 ad
514 1949 542 1980 e
564 1940 680 1980 sunt
703 1932 840 1990 recti,
860 1940 910 1980 et
932 1933 1100 1996 anguli
1123 1932 1187 1981 ad
1211 1932 1255 1981 D
1279 1941 1329 1981 et
1349 1933 1395 1980 K
1419 1932 1562 1981 semi-

170 2008 312 2068 recti,
335 2008 664 2056 necessarium
687 2015 762 2056 est
783 2014 841 2056 ut
863 2007 953 2066 De,
978 2008 1054 2056 eK
1078 2008 1177 2056 sint
1199 2008 1426 2072 aequales,

574 2155 1005 2190 CONTROVERSIA
1033 2157 1162 2191 XIII.

240 2233 425 2283 Contra
466 2234 824 2298 propositiones
855 2250 922 2282 xx
956 2242 1008 2282 et
1046 2233 1131 2282 xxi
1156 2233 1406 2283 Wallisius
1440 2235 1563 2283 nihil

173 2308 360 2373 objicit,
382 2317 707 2373 praeterquam
730 2309 864 2373 quod
886 2308 1196 2373 dependeant
1218 2326 1248 2358 a
1268 2326 1409 2374 prop.
1428 2310 1562 2368 xviii,

171 2383 227 2434 id
252 2390 344 2443 est,
377 2383 512 2448 quod
553 2384 863 2448 dependeant
885 2401 917 2433 a
937 2385 1065 2433 veris
1099 2394 1151 2433 et
1186 2386 1443 2449 perspicue
1477 2385 1562 2433 de-

172 2459 473 2508 monstratis,
544 2458 673 2507 Nam
712 2475 822 2523 quae
858 2459 1174 2523 reprehendit
1208 2460 1260 2508 in
1296 2461 1564 2546 scriptione

173 2533 325 2583 verba
345 2533 564 2598 quaedam
588 2543 771 2599 praeter
787 2534 1041 2599 scriptoris
1058 2543 1306 2584 mentem.
1332 2537 1563 2599 quoniam

175 2607 270 2657 illis
308 2625 440 2658 nunc
480 2611 713 2660 correctis
758 2611 982 2675 procedit
1026 2611 1393 2669 demonstratio,
1441 2611 1564 2659 nihil

175 2691 345 2747 agunt.

245 2757 499 2807 Hactenus
522 2760 583 2808 de
609 2759 978 2810 Controversia}
1010 2762 1228 2825 singulis,
1252 2770 1456 2826 excepta
1479 2762 1563 2810 illa

175 2847 286 2896 quae
317 2840 393 2881 est
425 2833 490 2882 de
520 2834 722 2883 Natura
750 2835 952 2884 Librae:
987 2852 1148 2899 quam,
1189 2852 1301 2884 cum
1341 2852 1560 2884 censurae

178 2907 416 2957 Hobbesii
438 2915 494 2957 ut
515 2910 888 2960 contemnendae
922 2911 1218 2974 respondere
1258 2927 1357 2959 non
1389 2911 1563 2974 digna-

310 2996 435 3033 v01..
455 2997 507 3031 v.
1400 3000 1430 3034 ι.
