1982 3204
599 298 855 333 causum
882 298 1101 333 Bnavrs.
1475 292 1530 336 81

150 423 348 472 gressus
381 417 459 458 est
492 410 543 458 in
581 418 804 474 tempore
839 410 1074 474 perficiet,
1109 411 1148 458 si
1187 411 1318 474 quod
1358 420 1539 461 conatu
1558 430 1818 458 moaxxvm.

149 483 427 548 profecerat
457 494 624 549 posset
652 493 824 534 contra
857 493 1089 534 conatum
1125 486 1356 548 ponderis
1396 488 1539 536 resis-
1591 476 1782 499 *a

150 560 301 609 tentis
334 562 580 610 retinere:
616 561 798 625 alioqui
829 562 959 609 enim
995 560 1189 624 pondus
1220 562 1534 611 relaberetur.

221 636 313 684 Ars
344 653 462 701 ergo
494 636 721 685 movendi
759 636 928 685 datum
964 636 1156 700 pondus
1193 636 1309 685 data
1344 638 1407 694 vi,
1444 638 1539 686 alia

149 726 252 760 non
277 720 353 760 oet
374 728 519 776 quam
543 728 622 761 ars
656 712 935 760 inveniendi
962 713 1254 769 machinam,
1279 713 1418 774 cujus
1446 729 1538 776 ope

149 786 281 850 quod
303 788 462 851 primo
487 795 664 836 conatu
688 787 979 851 acquisitum
1003 795 1092 846 est,
1112 803 1264 851 usque
1293 787 1358 835 ad
1391 804 1538 837 cona-

150 868 258 910 tum
287 862 570 919 secundum,
593 869 644 911 et
677 862 901 910 similiter
923 878 954 910 a
977 862 1192 911 secundo
1224 862 1290 911 ad
1319 863 1537 926 tertium,

149 943 204 984 et
223 936 296 985 sic
317 936 545 1002 deinceps
569 945 898 985 conservetur.
936 937 1208 986 Conatibus
1226 938 1358 986 enim
1373 932 1540 1001 quam-

150 1011 271 1062 libet
305 1012 507 1076 exiguis,
537 1013 578 1060 si
614 1012 1017 1076 multiplicentur,
1047 1013 1207 1061 omnis
1241 1012 1443 1062 tandem
1467 1014 1539 1062 vis

149 1086 266 1136 data
286 1088 610 1151 superabitur.

215 1162 449 1212 Machina
470 1171 634 1212 autem
658 1163 722 1211 ad
741 1179 849 1211 eam
873 1179 977 1211 rem
1001 1163 1160 1227 prima
1176 1171 1226 1212 et
1249 1165 1539 1213 commodis-

148 1238 287 1297 sima,
309 1247 385 1286 est
403 1254 462 1287 ea
484 1255 593 1303 quae
616 1247 822 1287 vocatur
844 1238 1042 1286 cochlea
1058 1256 1077 1286 .·
1100 1237 1152 1286 id
1175 1245 1263 1298 est,
1289 1239 1538 1302 cylindrus

147 1313 468 1372 firmissimus,
493 1314 761 1363 secundum
785 1315 924 1377 cujus
952 1314 1262 1377 superficiem
1293 1315 1538 1379 descripta

147 1387 278 1437 linea
294 1389 485 1453 spiralis
501 1390 766 1439 multarum
781 1389 1269 1438 circumvolutionem
1286 1390 1440 1439 incisa
1458 1392 1536 1440 sit.

148 1463 262 1513 Quo
285 1464 435 1524 facto,
458 1466 635 1514 virium
665 1466 925 1524 moventis,
949 1464 1067 1513 licet
1088 1466 1292 1524 minimi,
1318 1467 1536 1525 effectus,

145 1539 416 1603 procedens
439 1541 705 1590 secundum
730 1540 1071 1605 obliquitatem
1094 1541 1338 1604 spiralem,
1361 1558 1392 1590 a
1414 1559 1536 1605 pon-

147 1614 266 1664 dere
300 1615 525 1674 levando,
549 1617 861 1680 quantumvis
897 1632 1091 1680 magno,
1118 1632 1371 1680 nunquam
1401 1618 1536 1665 aufe-

146 1698 311 1738 retur:
342 1699 605 1754 propterea
641 1691 773 1754 quod
810 1691 1042 1755 ponderis
1080 1691 1195 1740 elati
1232 1692 1305 1740 vis
1345 1707 1538 1756 semper

144 1765 308 1815 tendit
329 1766 598 1815 secundum
622 1766 830 1830 cylindri
853 1783 1010 1826 axem,
1034 1766 1086 1815 id
1108 1775 1200 1827 est,
1223 1767 1287 1816 ad
1309 1768 1536 1831 spiralem

144 1840 249 1890 fere
266 1842 750 1905 perpendiculariter.

213 1916 455 1975 Secunda,
480 1933 590 1981 quae
613 1925 808 1966 constat
830 1933 891 1966 ex
914 1917 1035 1965 rotis
1053 1916 1284 1976 dentatis,
1308 1917 1537 1966 dentibus

144 1990 345 2040 alterius
381 2008 470 2056 per
506 1992 726 2040 dentium
764 1993 966 2041 alterius
1011 1993 1277 2041 interstitia
1311 1994 1535 2042 circulari

145 2077 285 2115 motu
322 2067 719 2131 procedentibus,
742 2067 872 2116 idem
896 2068 1059 2116 efficit.

210 2141 380 2190 Tertia
417 2151 508 2200 est,
541 2141 896 2207 polyspastum
934 2158 995 2191 ex
1035 2142 1255 2206 pluribus
1287 2143 1534 2191 trochleis.

147 2215 274 2265 Sunt
296 2224 348 2265 et
369 2217 493 2275 aliae,
518 2217 603 2265 sed
627 2233 796 2265 omnes
826 2225 1009 2281 praeter
1040 2218 1291 2266 cochleam
1328 2219 1392 2266 ad
1429 2234 1537 2266 vec-

143 2298 247 2340 tem
268 2291 371 2341 sive
393 2292 567 2340 libram
589 2291 759 2341 reduci
782 2302 989 2356 possunt
1009 2314 1021 2349 ;
1057 2309 1260 2358 quarum
1279 2294 1462 2357 figuras
1486 2302 1538 2341 et

146 2366 591 2416 demonstrationes
620 2368 752 2432 apud
786 2368 1018 2416 authores
1049 2368 1243 2423 videas;
1279 2384 1341 2416 ne
1372 2377 1422 2416 te
1452 2370 1536 2416 ubi

145 2457 270 2506 opus
291 2457 391 2490 non
411 2450 500 2498 est,
519 2450 569 2490 et
586 2451 764 2506 praeter
786 2443 1066 2491 institutum
1091 2459 1254 2490 meum
1272 2443 1534 2491 detineam.

146 2516 416 2566 Considera
437 2533 569 2565 nunc
597 2518 725 2566 illius
748 2517 1234 2576 demonstrationem,
1260 2527 1311 2566 et
1334 2533 1537 2580 sequen·

146 2601 223 2641 tes
246 2593 369 2641 duas
396 2609 506 2657 quae
529 2594 591 2641 ab
624 2594 717 2642 hac
753 2593 1049 2657 dependent,
1074 2593 1250 2657 quibus
1291 2592 1537 2641 clauditur

146 2676 295 2732 caput
314 2669 527 2733 primum
551 2669 614 2717 de
636 2669 781 2717 Motu
803 2670 853 2717 in
877 2685 1072 2732 genere.

213 2741 554 2808 Siteaposita,
578 2745 751 2808 inquit,
775 2745 851 2793 vis
874 2745 933 2803 V,
959 2761 1059 2808 quae
1078 2743 1290 2791 moveri*
1307 2744 1450 2808 potis
1468 2743 1538 2790 sit

664 2910 686 2931 ⁸
718 2908 785 2949 Sic
802 2909 895 2948 edit.
920 2908 1033 2948 1671.

281 2984 407 3020 vol..
427 2985 482 3019 V.
1369 2985 1402 3019 G
