1982 3204
460 306 723 342 nostrum
749 306 1179 342 essoun‘rmcnm.
1445 300 1511 344 49

125 417 217 467 Est
248 417 402 482 igitur
431 419 470 466 Z
501 425 724 467 centrum
754 419 1007 482 gravitatis
1041 400 1327 483 quadrantis
1360 420 1511 471 DAC.
1558 440 1674 468 eaor».
1695 439 1765 466 xx.

127 491 269 553 Quod
293 502 400 542 erat
424 494 873 543 demonstrandum.

1567 490 1745 504 υ*-

1531 527 1577 556 Dc
1590 531 1691 557 centn>
1707 526 1798 561 mvi-

197 568 423 618 Consect.
484 570 719 618 Centrum
769 569 1027 633 gravitatis
1079 570 1387 627 semicirculi,
1441 576 1514 621 est
1531 572 1599 620 ‘5²³⁸
1626 570 1798 621 fluam&

1531 614 1642 643 circuli.

126 645 291 693 media
312 645 688 710 proportionalis
723 645 852 693 inter
884 644 1005 693 duas
1034 654 1086 693 et
1114 661 1262 693 unam
1291 648 1513 709 quintam

127 736 269 769 arcus
292 721 393 769 AC.
463 721 725 769 Osteusum
760 720 888 767 enim
923 729 1013 779 est,
1044 722 1203 784 (prop.
1231 721 1302 782 v),
1328 731 1513 771 rectam

127 812 238 861 quae
268 796 431 845 media
460 803 534 844 est
563 796 693 844 inter
729 795 1146 844 semidiametrum
1177 804 1229 845 et
1260 797 1380 845 duas
1411 799 1514 861 ejus

126 873 337 936 quintas,
362 871 597 935 aequalem
617 887 721 919 esse
746 870 935 919 duabus
950 871 1135 935 quintis
1159 887 1303 920 arcus
1322 872 1424 921 AC.
1462 874 1533 937 Q

126 946 279 1011 igitur
314 945 398 995 ΖΟ
437 945 735 1010 producatur
774 946 838 994 ad
867 963 925 1011 p,
965 946 1036 994 ita
1076 954 1132 994 ut
1170 947 1254 995 ΖΟ
1296 947 1377 1011 Op
1417 948 1515 997 sint

126 1021 354 1087 aequales,
378 1020 526 1069 ducta
550 1020 632 1085 Dp
663 1021 759 1069 erit
780 1038 824 1086 p
853 1030 1077 1070 centrum
1107 1022 1363 1086 gravitatis
1395 1039 1515 1086 qua-

125 1098 312 1147 drantis
334 1097 534 1161 aequalis
571 1095 726 1145 DAC.
795 1095 1036 1156 Quoniam
1069 1106 1235 1146 autem
1276 1106 1512 1162 punctum

122 1173 171 1223 0
206 1171 383 1221 dividit
419 1172 492 1237 Zp
527 1172 768 1230 bifariam,
805 1173 900 1221 erit
936 1182 1177 1236 punctum
1213 1173 1257 1222 O
1289 1179 1514 1222 centrum

122 1248 380 1314 gravitatis
410 1248 545 1311 dupli
579 1247 865 1310 quadrantis
898 1247 1052 1308 DAC,
1075 1249 1169 1297 hoc
1193 1257 1270 1297 est
1298 1249 1515 1298 semicir-

122 1324 222 1373 culi
244 1323 383 1372 radio
415 1322 502 1372 DC
527 1322 779 1387 descripti:
813 1331 864 1371 et
888 1322 971 1388 Dp
994 1324 1236 1387 producta
1258 1324 1515 1373 abscindet

122 1414 294 1449 arcum
316 1398 379 1447 Cl
398 1398 636 1462 aequalem
658 1399 795 1446 arcui
819 1398 917 1447 LC.
977 1399 1101 1447 Cum
1125 1415 1243 1463 ergo
1268 1399 1514 1463 quadrans
1562 1417 1567 1421 ’

123 1473 260 1524 1)Αο
284 1475 502 1539 quiescat
524 1474 575 1522 in
600 1474 653 1533 Z,
678 1482 730 1523 et
753 1474 931 1539 duplus
954 1484 1116 1524 sector
1139 1475 1203 1524 cl
1222 1476 1440 1539 quiescat
1463 1476 1514 1524 in

113 1565 175 1617 p,
206 1557 341 1600 totus
372 1550 705 1599 semicirculus
736 1552 955 1614 quiescet
982 1551 1031 1599 in
1069 1549 1127 1600 O.
1199 1551 1299 1600 Sed
1331 1550 1414 1601 ΖΟ
1438 1560 1515 1600 est

122 1626 285 1675 media
306 1626 685 1690 proportionalis
707 1626 837 1675 inter
867 1626 950 1675 DZ
974 1634 1024 1676 et
1045 1628 1151 1690 ejus
1173 1627 1438 1686 semissem,
1462 1627 1514 1676 id

120 1710 198 1752 est
219 1702 349 1751 inter
371 1702 494 1751 duas
515 1703 711 1766 quintas
734 1711 786 1750 et
808 1718 955 1751 unam
980 1703 1201 1766 quintam
1235 1719 1378 1751 arcus
1400 1702 1508 1761 AC,

120 1785 323 1843 propter
343 1778 642 1843 triangulum
667 1777 799 1827 DOZ
822 1779 1163 1843 rectangulum
1185 1786 1237 1828 et
1266 1779 1508 1843 aequicru-

119 1868 247 1904 rum.

631 2156 818 2206 PROP.
854 2157 996 2206 XXI.

120 2286 194 2323 1)ss
241 2286 462 2322 CENTRO
513 2287 848 2322 GRAVITATIS
898 2288 1137 2332 BlLlNEI,
1180 2287 1350 2322 CUJUs
1392 2287 1509 2322 UNA

187 2361 360 2396 LINEA
396 2362 495 2396 EST
530 2362 710 2397 Ancus
749 2363 1131 2407 QUADRANTIS,
1155 2362 1372 2397 ALTERA
1409 2363 1508 2397 EST

186 2437 446 2473 BJUSDEM
470 2438 652 2473 Ancus
679 2439 985 2473 SUBTENSA.

119 2529 398 2580 CENTRUM
422 2532 678 2595 gravitatis
700 2532 870 2580 bilinei
886 2531 1067 2581 ALCA
1083 2541 1160 2580 est
1183 2533 1234 2581 in
1259 2532 1508 2596 diagonali

119 2603 228 2665 BD,
251 2606 436 2655 distans
458 2624 489 2656 a
510 2617 694 2671 puncto
716 2607 756 2656 B
787 2618 972 2672 quanta
1004 2615 1079 2656 est
1112 2609 1372 2673 longitudo
1397 2617 1507 2657 tan-

118 2682 280 2745 gentis
303 2688 367 2731 30
389 2683 646 2747 graduum.

187 2757 468 2807 Inveniatur
485 2767 691 2822 tangens
710 2765 776 2808 30
791 2759 1034 2823 graduum
1055 2759 1161 2815 ΒΧ,
1179 2759 1258 2807 cui
1277 2776 1305 2806 a
1322 2766 1506 2823 puncto

119 2830 163 2880 B
203 2832 255 2880 in
290 2832 536 2896 diagonali
575 2823 672 2882 BD'
702 2843 926 2882 sumatur
965 2834 1166 2896 aequalis
1208 2835 1304 2882 BT.
1378 2833 1501 2881 Dico

117 2914 357 2971 punctum
377 2907 420 2956 T
442 2924 547 2957 esse
570 2916 793 2958 centrum
815 2909 1072 2973 gravitatis
1116 2909 1282 2958 bilinei
1307 2907 1503 2957 ALCA.

251 2996 377 3031 von.
403 2997 456 3030 v.
1338 2997 1370 3029 Β
