1982 3204
696 272 1142 308 nccnssmsncA.
1522 267 1619 311 363

230 381 338 427 Esse
357 396 479 427 nom
498 382 694 439 princeps
715 382 799 425 fuit
819 382 968 439 ingens
982 381 1119 438 gloria
1137 391 1262 424 sectae

286 447 559 506 Philosopho,
581 449 671 492 sine
691 464 778 505 qua
796 464 882 492 non
903 455 995 491 erat
1015 448 1127 490 unde
1148 448 1304 491 ederet.

232 513 305 559 Sic
323 515 610 559 doctrinarum
630 522 863 558 naseuntur
880 513 996 557 mille
1016 513 1188 563 colores,

288 580 408 624 Dum
427 581 583 624 nebulo
603 581 716 623 fama
735 580 887 624 nobilis
905 595 996 624 esse
1015 579 1148 637 cupit.

230 647 439 692 Nascitur
457 648 557 691 hinc
576 648 733 698 odium,
755 654 800 690 et
819 646 1038 704 pugnandi
1057 661 1211 703 magna
1228 646 1359 691 libido
1379 663 1389 689 ε
1457 655 1526 671 '¹‘

291 713 376 759 Sed
395 729 542 772 pacem
562 722 734 757 servant
752 729 869 756 arma
886 720 1043 771 negata
1059 712 1192 770 gregi.

232 779 392 824 Mutua
411 780 484 824 sed
497 780 665 837 jaciunt
683 780 874 823 convicia
894 796 904 822 :
937 779 1073 823 credit
1091 779 1265 835 utrique

291 846 515 897 Ethnicus‚
535 853 580 889 et
601 845 762 890 Christi
781 846 906 889 dulce
918 846 1075 903 jugum
1093 845 1266 902 refugit.
1537 849 1622 888 510

234 912 367 956 Alter
385 919 430 956 et
447 912 625 956 alterius
643 912 746 955 dum
765 912 939 955 damnat
957 912 1168 969 dogmata,
1189 919 1337 955 natum
1357 919 1423 955 est

291 978 463 1023 Nomen
482 986 528 1022 et
546 979 746 1022 Hoeretiea‘
768 978 1046 1035 catholicique
1064 978 1160 1021 viri.

235 1044 283 1088 Ν
283 1060 353 1088 am
371 1059 469 1088 cum
487 1044 651 1087 finisset
672 1043 835 1102 Synodi
850 1044 1062 1087 sententia
1080 1044 1213 1095 litem,

291 1110 481 1154 Vincere
502 1109 786 1161 Catholicum,
806 1110 921 1154 vinci
940 1117 1032 1154 erat
1050 1110 1310 1154 haereticum.

236 1177 500 1224 Consensere
519 1183 663 1220 tamen
682 1177 839 1234 signati
858 1177 1029 1220 nomine
1050 1175 1214 1221 Christi

292 1242 457 1288 Contra
477 1242 674 1287 Gentiles
692 1243 999 1302 lignicolasque
1019 1243 1145 1286 viros.

231 1309 351 1368 Ergo
378 1309 500 1352 miles
519 1316 623 1361 erat,
643 1309 812 1366 quoties
829 1309 989 1352 bellum
1008 1309 1094 1351 suit
1113 1309 1226 1352 inter

291 1375 415 1434 Ipws
433 1375 662 1427 Romanos,
685 1374 941 1420 christicola
958 1375 1169 1433 egregius.

235 1441 300 1486 Hi
320 1441 652 1487 Constantinum
671 1442 867 1485 fecerunt
886 1442 1068 1492 vincere,
1089 1449 1135 1484 et
1153 1441 1225 1484 ille

293 1508 377 1552 His
395 1523 483 1551 non
501 1508 749 1552 credentum
768 1508 974 1566 sanguine
993 1507 1099 1551 lavit
1117 1508 1321 1550 humum:
1539 1509 1625 1549 520

234 1575 485 1631 Cunctaque
503 1574 705 1619 salsorum
724 1575 939 1618 destruxit
956 1574 1117 1631 templa
1135 1574 1339 1624 Deorum,

293 1641 438 1686 Unius
456 1648 502 1685 et
521 1641 665 1685 sanxit
682 1641 853 1698 publica
872 1655 991 1684 sacra
1010 1640 1120 1683 Dei:

234 1708 521 1764 Pastoresque
540 1722 720 1765 gregum
739 1722 896 1764 magno
915 1706 1116 1781 dignatus
1135 1706 1294 1750 honore
1314 1712 1380 1749 est

288 1773 558 1831 Praecipuos·
548 1806 558 1815 .
593 1773 753 1817 Christi
772 1773 912 1816 cultor
930 1779 976 1815 et
994 1772 1084 1829 ipse
1104 1771 1201 1815 suit.

236 1842 411 1885 Summe
429 1840 692 1897 temporibus
712 1838 903 1883 Ecclesia
921 1838 1068 1882 floruit
1085 1838 1183 1890 illis,

293 1908 510 1965 Agrorum
530 1906 686 1949 sanctis
705 1905 1026 1963 proprietasque
1044 1904 1168 1948 redit.

235 1974 375 2030 Inque
393 1973 483 2016 dies
502 1973 637 2016 crevit
654 1987 762 2030 grex
782 1971 968 2016 Christi:
999 1971 1177 2015 accessit
1195 1970 1248 2014 ad
1267 1970 1363 2013 illos

292 2039 503 2084 Omnibus
523 2054 547 2082 e
566 2038 692 2082 terris
711 2038 960 2081 innumerus
979 2038 1176 2095 populus,

236 2105 448 2163 Principis
467 2105 676 2162 exemplo,
697 2105 766 2149 vel
785 2105 1064 2162 prosperitate
1083 2104 1224 2148 vocati

293 2172 531 2230 Temporis,
552 2179 628 2214 aut
647 2171 791 2227 aliqua
809 2186 912 2215 voce
931 2171 1169 2214 ministerii.
1542 2173 1631 2212 530

236 2238 425 2295 Jamque
443 2237 551 2280 nihil
569 2237 716 2280 deerat
735 2237 850 2293 quod
867 2244 1042 2295 gentem
1061 2236 1235 2280 reddere
1256 2235 1419 2280 Christi

294 2303 501 2348 Foelicem
520 2311 675 2361 posset,
696 2304 742 2346 ni
762 2303 842 2347 sibi
861 2304 1006 2347 deesse
1024 2302 1141 2347 velit.

238 2371 327 2414 See.
340 2369 495 2414 Defuit
504 2370 639 2425 (haud
649 2369 828 2413 dubium
842 2369 928 2426 est)
934 2369 1050 2426 quod
1061 2376 1165 2413 erat.
1194 2368 1283 2424 Qui
1296 2383 1382 2412 non
1393 2369 1505 2412 bona
1516 2367 1629 2411 norit

297 2435 399 2494 Ipse
416 2451 505 2487 sua,
525 2443 602 2479 ant
619 2435 756 2479 nescit
774 2436 879 2492 quid
892 2437 1018 2492 juvet
1037 2443 1115 2479 aut
1131 2442 1295 2486 noceat,

242 2502 375 2545 Hunc
392 2516 472 2546 nee
490 2502 582 2560 agri
600 2517 680 2546 nec
697 2517 799 2560 opes
819 2502 985 2546 felicem
1005 2502 1181 2545 reddere
1200 2507 1404 2559 possunt:

298 2566 416 2610 Nam
434 2566 516 2611 sibi
534 2567 696 2612 divitiis
715 2569 806 2625 ipse
825 2568 1029 2612 molestus
1048 2567 1141 2611 erit.

243 2633 323 2675 Pr.
353 2631 448 2683 Est„
468 2631 541 2676 ita.
599 2632 786 2677 Divitias
804 2633 970 2677 dederit
988 2633 1024 2676 si
1043 2647 1199 2676 numen
1221 2646 1347 2676 avaro

302 2698 521 2753 Quantum
534 2705 656 2756 optat
674 2714 862 2758 magnas,
881 2698 1131 2743 ambitiosus
1150 2698 1243 2742 erit.

245 2764 292 2807 Si
307 2777 449 2807 rerum
467 2777 613 2807 curam
631 2764 890 2809 commiserit
906 2764 1144 2815 ambitioso,

302 2828 415 2872 Vult
432 2828 517 2874 dici
535 2829 715 2887 sapiens,
734 2838 865 2887 atque
884 2832 1092 2888 superbus
1111 2830 1204 2875 erit.
1545 2829 1632 2868 540
