1982 3204
249 228 326 276 cvi

297 342 408 386 opinio
423 343 546 386 Papam
562 344 688 378 Christi
703 345 859 378 vicarium
874 357 955 386 esse,
971 357 1031 379 nec

297 387 333 419 in
349 387 527 430 Scripturis
540 388 675 421 fundata
685 399 746 421 nec
755 400 838 421 vera.
851 389 897 422 iii.
914 395 976 424 374
985 404 1033 423 :—

297 430 391 462 illum
420 430 516 462 multi
541 442 636 473 reges
662 432 841 465 Christiani
870 439 1032 476 pastorem

298 474 447 506 fecerunt
462 474 666 507 subditorum
682 486 824 509 suorum.
839 476 886 509 iii.
903 480 963 510 397
983 490 1034 509 :—

299 527 366 549 non
388 522 497 549 tamen
512 523 676 560 pastorem
691 530 795 558 suum,
811 530 870 552 nec
887 520 1034 552 subdito-

299 570 373 592 rum
389 571 522 592 suorum
538 571 709 594 summum.
722 562 801 595 ibid.

299 614 360 636 rex
375 603 608 645 paterfamilias
619 610 765 647 pastores
779 617 798 638 a
811 606 901 649 Papa
913 606 1035 638 consti-

301 651 390 678 tutos
404 646 439 677 in
454 647 585 680 civitate
606 648 721 687 aliena,
737 649 830 691 quasi
844 649 1036 691 ludimagis—

301 694 371 722 tros
386 689 463 722 filiis
487 690 555 723 suis
581 691 622 723 ab
636 697 773 724 externo
789 692 920 724 homine
947 703 1036 724 oom-

301 733 471 765 mendatos
486 733 632 777 recipere
646 740 764 778 potest,
785 736 843 767 sed
858 746 922 767 non
934 735 1036 778 impe-

301 781 400 808 ratos.
413 776 460 809 iii.
473 780 545 811 397.

303 819 391 862 quod
414 820 505 862 Papa
528 820 572 852 sit
587 821 853 862 Anti-Christus,
876 833 1036 865 nusquam

326 863 485 896 robatum.
500 863 546 896 iii.
562 868 635 897 408.

333 917 426 948 apam
440 912 635 949 potestatem
660 907 780 940 habere
805 919 964 940 summam
978 919 1039 958 per

302 954 409 982 totum
422 950 535 982 orbem
551 950 776 983 Christianum
794 951 829 983 in
843 952 942 983 rebus
957 952 1036 984 clvi-

302 992 398 1030 libus,
414 1003 474 1025 nec
488 993 578 1042 Papa
591 1004 652 1026 nec
667 994 804 1026 ecclesia
818 994 976 1027 definivit.
992 995 1038 1027 iii.

303 1035 699 1079 4l3z—jurisd1ctionem,
734 1043 829 1070 extra
857 1038 1038 1070 dominium

303 1090 399 1111 suum
413 1080 601 1122 temporale,
623 1080 747 1112 nullam
762 1081 872 1113 babet.
884 1081 930 1114 iii.
943 1086 1016 1114 420.

304 1133 402 1165 quam
417 1123 560 1154 habuere
576 1123 673 1165 Papae
684 1123 947 1166 jurisdictionem
970 1135 1038 1156 am-

303 1165 402 1209 plam,
426 1165 493 1198 illis
519 1165 595 1198 data
618 1166 683 1198 fuit
704 1167 744 1199 ab
760 1166 956 1210 imperatore
971 1168 1038 1200 Ro-

302 1219 410 1241 mano.
426 1209 472 1241 iii.
487 1212 549 1241 422
559 1210 843 1242 z—authoritatem
863 1221 965 1250 suam,
980 1222 1035 1243 ex-

303 1257 355 1284 tra
377 1251 523 1284 dominia
547 1263 606 1284 sua
625 1253 824 1295 temporalia,
839 1254 959 1286 debent
973 1254 1040 1286 illis

304 1295 362 1337 qui
391 1301 469 1327 sunt
496 1295 664 1328 civitatum
691 1297 810 1328 summi
831 1297 1039 1340 imperantes·

303 1338 352 1370 iii.
368 1338 526 1370 4232—in
542 1339 688 1371 dominio
709 1339 815 1372 alieno
836 1340 1039 1383 jurisdictio-

303 1392 379 1414 nem
394 1381 495 1413 ullam
511 1392 581 1414 esse
596 1383 706 1425 Papae,
717 1394 758 1415 ex
770 1383 870 1416 verbo
885 1383 950 1416 Dei
964 1394 1040 1427 pro-

302 1425 375 1458 bari
389 1435 455 1456 non
464 1430 581 1467 potest.
588 1436 635 1457 ιιι
646 1430 708 1458 423
717 1437 840 1458 :—eum
853 1426 1041 1470 episcopum

304 1468 493 1511 episcopatu
528 1479 587 1500 suo
612 1469 842 1502 universaliter
871 1470 1041 1513 deprivare

302 1522 410 1554 posse,
426 1517 459 1543 et
482 1511 517 1543 id
542 1512 618 1554 jure
633 1512 737 1555 ipsius
753 1512 958 1563 episcopatus
973 1514 1040 1546 Ro-

303 1555 402 1594 mani,
417 1555 660 1587 concedendum
676 1566 742 1587 non
758 1563 815 1588 est.
831 1556 911 1590 ibid.

303 1604 499 1641 potestatem
522 1609 682 1631 summam
701 1599 737 1631 in
766 1599 912 1633 dominio
934 1599 1041 1632 alieno

305 1641 368 1674 sibi
378 1641 540 1681 vendicat,
555 1647 593 1674 ut
607 1642 694 1674 dono
718 1642 783 1675 Dei
807 1643 925 1676 factam
949 1654 1040 1675 suam

304 1684 340 1717 in
356 1684 578 1727 assumptione
593 1696 653 1717 sua
667 1685 708 1718 ad
722 1691 887 1730 papatum.
899 1686 946 1719 iii.
961 1690 1040 1719 425:

304 1728 377 1760 -si
405 1728 612 1767 concedatur,
639 1729 804 1772 principes
833 1735 867 1763 et
893 1730 1042 1763 civitates

305 1771 451 1803 dominio
467 1782 525 1804 suo
540 1772 681 1814 spoliare
689 1773 766 1815 jure
803 1778 900 1813 otest,
913 1773 1042 1816 quoties

305 1814 348 1846 ad
374 1814 512 1847 salutem
535 1815 718 1847 animarum
733 1783 898 1849 vicssbitur
919 1816 1042 1849 condu-

304 1868 388 1890 cere.
399 1857 479 1892 ibid.
489 1864 647 1891 2—utrum
659 1859 701 1891 ad
710 1859 848 1892 salutem
860 1859 1041 1892 animarum

305 1901 466 1934 conducat
482 1912 593 1942 necne,
610 1901 717 1934 solum
741 1913 777 1935 se
798 1903 945 1946 judicem
971 1913 1042 1935 esse

304 1944 458 1987 postulat.
472 1944 551 1977 ibid.

305 1998 400 2063 papa,
415 1992 452 2020 ut
467 1987 510 2020 sit
522 1998 663 2031 persona
677 1988 823 2022 ecclesiae
838 1989 1042 2028 universalis,

306 2031 351 2063 tri
374 2042 413 2063 us
422 2037 512 2063 caret
519 2031 627 2070 rebus,
626 2034 681 2075 jas
690 2034 865 2073 imperandi,
868 2035 1042 2075 judicandi,

306 2080 341 2107 et
358 2076 514 2115 puniendi.
529 2074 575 2107 iii.
591 2075 744 2108 4282—si
767 2082 854 2108 esset
869 2076 995 2110 Christi
1008 2076 1043 2108 in

306 2122 396 2150 terra
423 2117 573 2157 vicarius,
602 2117 793 2151 vicariatum
828 2119 949 2162 exequi
977 2130 1043 2151 non

303 2161 380 2204 jure
393 2166 504 2204 posset
518 2167 693 2204 antequam
708 2162 861 2195 Christus
875 2162 912 2195 in
924 2162 978 2195 die
992 2163 1043 2195 ul-

307 2204 389 2236 timo
403 2210 600 2247 regnaturus
615 2205 750 2238 venerit.
765 2205 843 2238 ibid.

308 2247 476 2286 doctrinae,
492 2258 608 2290 papam
622 2247 658 2279 in
673 2249 827 2291 praesenti
843 2249 981 2282 ecclesia
995 2249 1042 2281 vi—

308 2290 432 2323 carium
448 2290 574 2324 Christi
593 2292 810 2324 universalem
833 2303 914 2332 esse,
929 2303 1043 2325 conse·

309 2344 414 2377 quens
437 2339 487 2366 est
506 2334 580 2373 alia,
594 2334 666 2376 regi
681 2334 870 2368 Christiano
895 2346 1043 2368 necessa·

308 2378 395 2409 rium
421 2388 492 2409 esse
514 2378 663 2410 coronari
678 2378 719 2410 ab
744 2378 897 2421 episcopo
922 2379 1044 2421 aliquo.

308 2420 356 2452 iii.
371 2424 579 2470 452:-papa
603 2420 691 2452 idem
713 2432 784 2454 esse
800 2422 870 2454 vult
894 2422 982 2464 quod
1010 2422 1043 2454 in

309 2474 413 2506 regno
439 2464 504 2496 Dei
528 2463 564 2495 in
586 2463 708 2496 Israele
723 2475 869 2497 summus
884 2465 1044 2497 sacerdos.

310 2506 357 2540 iii.
372 2510 435 2539 453
449 2506 622 2539 :—reditus
651 2507 774 2539 similes
810 2508 954 2551 postulat
983 2508 1045 2540 sibi

311 2555 345 2582 et
367 2549 589 2582 sacerdotibus
611 2549 687 2582 suis.
704 2550 781 2583 ibid.
790 2550 1045 2584 :—Christianos

311 2603 425 2626 omnes
436 2592 500 2626 sibi
511 2592 659 2626 subditos
672 2604 743 2626 esse
754 2593 905 2636 postulat.
915 2594 960 2627 iii.
972 2598 1044 2627 454.

358 2642 457 2669 testas
483 2635 614 2686 Papalis
637 2636 780 2669 maxima
799 2636 875 2676 fuit,
897 2643 931 2670 et
954 2642 1045 2670 tene-

337 2691 383 2712 rae
390 2678 666 2722 profundissimae,
676 2690 741 2722 quo
753 2685 909 2722 tempore.
922 2680 1043 2714 iii.456.

314 2728 426 2756 textus
438 2722 571 2766 quidam
586 2733 669 2765 quos
683 2722 787 2756 citant
809 2723 970 2766 pontificii
985 2734 1045 2766 pro

314 2771 504 2817 suprematu
518 2766 628 2809 Papae.
645 2765 691 2799 iii.
707 2770 780 2799 463.

947 246 1145 280 INDEX.

1100 348 1267 380 Romanae.
1283 346 1332 378 iii.
1347 346 1598 389 495z—quando
1612 345 1757 388 Papatua
1779 354 1834 378 res

1100 391 1202 432 digna
1215 390 1285 422 visa
1298 395 1358 428 est,
1374 390 1415 422 de
1428 400 1493 432 qua
1503 395 1714 432 pugnaretur.
1728 388 1772 421 ib.
1781 401 1835 421 :—

1101 434 1265 476 Paparum
1274 433 1308 464 in
1317 444 1412 475 reges
1417 431 1835 472 dominatus,unde.iii.496.

1102 476 1260 515 doctrina,
1276 477 1398 519 Papam
1414 476 1449 508 in
1464 475 1611 508 articulis
1625 475 1703 508 fidei
1717 474 1836 507 defini-

1103 519 1196 551 endis
1211 530 1277 551 non
1291 530 1387 562 posse
1402 530 1522 559 errare,
1536 522 1586 551 cui
1599 521 1672 551 bono
1691 518 1834 551 inventa.

1102 562 1149 595 iii.
1165 567 1239 595 504.

1103 611 1275 648 postquam
1305 605 1466 638 creditum
1495 610 1546 638 est
1573 605 1674 648 Papae
1698 604 1836 637 eandem

1104 660 1175 681 esse
1190 654 1384 692 potestatem
1400 660 1498 691 quam
1522 649 1707 681 babuerunt
1721 650 1838 680 Aaron

1105 698 1138 724 et
1149 692 1259 724 caeteri
1275 692 1469 731 sacerdotes,
1486 692 1566 734 quid
1577 691 1704 724 accidit.
1721 695 1793 724 505.

1105 736 1259 778 Papatus,
1268 735 1399 778 imperii
1409 735 1548 767 Romani
1563 734 1707 777 ingentis
1719 734 1837 784 ingens

1106 784 1280 821 spectrum,
1290 779 1464 828 sepulchro
1478 778 1609 821 imperii
1621 777 1768 811 defuncti
1781 788 1837 810 co-

1106 827 1258 854 ronatum
1272 822 1429 854 insndens.
1443 821 1490 854 iii.
1507 825 1580 854 505.

1106 866 1206 907 Papae
1220 870 1364 908 potestas
1389 864 1579 908 spiritualis,
1590 864 1627 896 in
1652 863 1723 897 solo
1746 868 1838 897 metu

1105 908 1256 941 consistit
1270 907 1655 941 excommunicationum.
1667 907 1794 941 iii.507.

1105 951 1281 994 primatum
1311 953 1382 994 ejus
1408 962 1507 994 super
1528 962 1641 984 omnes
1669 950 1840 994 episcopos

1106 995 1268 1027 concessit
1292 994 1470 1037 imperator
1492 995 1629 1027 Phocas.
1653 994 1700 1027 iii.
1720 998 1782 1027 545
1790 1007 1840 1027 :—

1106 1038 1184 1070 inde
1199 1038 1289 1081 Papa
1303 1038 1441 1070 concilia
1454 1038 1621 1080 generalia
1633 1037 1768 1080 propria
1781 1048 1840 1070 au-

1107 1081 1262 1114 thoritate
1283 1081 1491 1114 convocabat.
1505 1080 1584 1113 ibid.
1593 1080 1773 1123 z—aliquos
1786 1091 1840 1113 re-

1107 1135 1165 1167 ges
1180 1130 1213 1157 et
1235 1124 1449 1167 imperatores
1460 1130 1498 1157 ut
1521 1124 1693 1157 haereticos
1707 1134 1840 1156 excom·

1106 1168 1274 1200 municare
1288 1179 1385 1200 ausus
1400 1174 1458 1200 est.
1474 1167 1517 1200 ib.
1526 1167 1744 1200 :—doctrinas
1759 1177 1842 1210 quas

1106 1211 1236 1243 volebat
1259 1221 1320 1253 pro
1341 1211 1520 1243 haeresibus
1534 1211 1781 1244 condemnabat.
1795 1211 1841 1244 ib.

1107 1254 1332 1297 Papae,ubiin
1354 1254 1502 1286 conciliis
1527 1253 1736 1296 generalibus
1762 1253 1840 1286 doc-

1108 1297 1230 1330 trinam
1245 1297 1387 1340 aliquam
1403 1297 1560 1329 damnant
1582 1302 1620 1330 ut
1641 1296 1840 1337 haereticam,

1110 1340 1191 1383 quid
1206 1340 1341 1373 faciunt.
1352 1340 1399 1373 iii.
1413 1344 1523 1373 554-5.

1066 1383 1412 1426 Purus-quomodo
1426 1383 1600 1426 distinguit
1623 1393 1747 1424 genera
1763 1393 1841 1426 pro-

1109 1427 1296 1460 blematum.
1317 1427 1339 1460 i.
1360 1429 1459 1460 256-7
1469 1425 1657 1459 2—rationis
1684 1425 1842 1459 tredecim

1108 1470 1188 1503 facit
1202 1469 1336 1545 spedcies.
1348 1470 1391 1503 iv.
1402 1473 1442 1503 74
1450 1480 1642 1513 :-—quarum
1656 1471 1843 1502 arithm-etita

1109 1524 1183 1546 una.
1198 1513 1245 1546 ibi
1269 1538 1277 1546 .

1067 1558 1261 1590 Pannona
1272 1556 1488 1600 —parabolae
1517 1561 1552 1589 et
1576 1555 1843 1600 para-boloideum

1109 1611 1184 1633 cum
1220 1599 1544 1643 parallelogrammis,
1578 1605 1613 1632 et
1647 1599 1843 1632 conoideum

1109 1655 1184 1676 cum
1199 1643 1362 1687 cylindris
1373 1643 1627 1686 comparationis
1638 1643 1843 1676 demonstra-

1110 1687 1166 1720 tio.
1176 1687 1220 1720 iv.
1237 1691 1309 1719 190.

1110 1741 1186 1762 cum
1200 1730 1288 1763 basis
1298 1729 1528 1773 paraboloidis,
1543 1728 1651 1762 cubici
1665 1728 1734 1762 sive
1747 1739 1843 1772 para-

1110 1773 1249 1806 bolastri
1285 1772 1396 1816 primi,
1432 1772 1600 1807 decrescat
1640 1772 1677 1805 in
1715 1772 1843 1805 ratione

1110 1823 1295 1860 temporum
1310 1815 1484 1859 triplicata,
1499 1816 1564 1848 erit
1576 1815 1844 1866 parallelogram-

1110 1871 1202 1893 mum
1225 1859 1278 1892 sui
1299 1859 1515 1902 parabola-stri
1537 1858 1637 1902 primi
1665 1858 1844 1902 sesquiter-

1110 1903 1206 1936 tium.
1219 1903 1262 1936 iv.
1281 1907 1436 1936 194:—et
1447 1902 1618 1946 cylindrus
1632 1901 1684 1935 sui
1694 1901 1770 1935 coni
1783 1902 1844 1935 tri·

1110 1947 1212 1990 plum.
1231 1946 1320 1996 ibid.
1329 1951 1412 1996 :f-et
1446 1945 1759 1996 parallelopipedum
1791 1945 1844 1978 sui

1069 1989 1682 2109 Ppgffgffgpffsmpssuffigiffidspffim
1693 2031 1844 2066 Sanctus.

1112 2087 1159 2109 ιιι.
1175 2081 1215 2109 35
1240 2100 1248 2109 .

1071 2118 1470 2153 Pammene—doctrina
1486 2118 1654 2156 hodierna,
1670 2117 1759 2161 quod
1771 2117 1844 2169 gla-

1113 2163 1187 2195 dius
1202 2163 1258 2195 ille
1272 2162 1308 2194 in
1323 2162 1415 2195 aditu
1429 2161 1579 2194 Paradisi
1590 2161 1759 2194 Admum
1779 2171 1844 2194 lm—

1112 2206 1228 2250 pedire
1243 2216 1284 2238 ne
1306 2211 1393 2238 esset
1415 2204 1610 2237 immortalis
1632 2214 1699 2236 non
1723 2204 1844 2248 potuit,

1112 2260 1219 2292 neque
1233 2249 1339 2281 facere
1354 2254 1391 2281 ut
1404 2248 1628 2291 redemptione
1646 2258 1707 2290 per
1728 2247 1845 2282 Chris-

1112 2298 1183 2325 tum
1195 2292 1369 2334 indigeret.
1384 2291 1430 2324 iii.
1446 2295 1520 2324 458.

1069 2333 1510 2378 namon-geometrica
1524 2333 1707 2366 Hobbiana.
1716 2333 1758 2367 iv.
1770 2337 1845 2367 225.

1113 2379 1147 2411 in
1162 2378 1260 2411 rebus
1275 2377 1507 2421 speculationis
1522 2377 1690 2420 aliquanto
1707 2377 1845 2421 profun-

1113 2421 1225 2461 dioris,
1241 2421 1324 2453 nihil
1349 2426 1415 2454 tam
1435 2420 1639 2464 paradoxum
1655 2431 1755 2464 quam
1772 2420 1846 2464 ips·

1114 2465 1246 2497 veritas·
1263 2463 1345 2497 ibid.

1071 2507 1574 2550 nummus-parandarum
1585 2506 1780 2540 universalis
1787 2506 1846 2539 de-

1114 2550 1230 2583 finitio.
1246 2551 1267 2583 i.
1287 2554 1500 2584 163-66:—et
1525 2549 1754 2593 parallelarum
1772 2560 1845 2583 rec-

1114 2599 1220 2628 tarum
1236 2593 1393 2626 definitio.
1410 2593 1488 2626 ibid.

1112 2637 1460 2680 parallelogrammata,
1474 2637 1561 2670 facta
1585 2636 1687 2670 ductu
1707 2636 1847 2670 duarum

1113 2686 1276 2714 rectarum
1306 2680 1341 2712 in
1367 2690 1401 2712 se
1426 2679 1579 2719 invicem,
1594 2690 1696 2723 quare
1723 2679 1848 2713 habent

1112 2723 1273 2756 rationem
1288 2722 1501 2766 compositam
1514 2734 1556 2756 ex
1571 2722 1754 2760 rationibus
1766 2722 1846 2756 faci·

1113 2767 1249 2799 entium.
1268 2766 1289 2799 i.
1305 2771 1375 2799 144.

315 2810 435 2852 quibus
450 2809 558 2842 vorbis
575 2809 685 2859 Papae.
700 2809 735 2841 in
760 2809 845 2842 colla
869 2809 1045 2853 imperato-
1071 2809 1378 2843 Panamsrsa—in
1401 2809 1487 2844 Coni
1514 2808 1669 2850 sectione,
1683 2809 1765 2853 quid
1785 2813 1846 2843 est.

315 2863 389 2885 rum
404 2852 607 2891 insultantes,
628 2852 702 2885 illos
726 2858 760 2885 et
780 2852 965 2896 Scripturas
987 2854 1046 2887 Sa·

315 2906 388 2929 cras
402 2895 540 2928 irridere
557 2895 627 2928 ausi
641 2900 728 2929 sunt.
742 2895 789 2928 iii.
805 2900 878 2930 463.

315 2939 447 2982 quando
462 2939 562 2982 Papae
587 2939 760 2973 commissa
783 2945 834 2973 est
853 2950 933 2973 cura
957 2939 1050 2973 urbis

1115 2853 1157 2886 ἰν.
1177 2857 1246 2887 176.

1073 2895 1298 2947 ΡΔηΝεῖάε
1312 2900 1487 2939 parentum
1509 2899 1544 2930 et
1565 2894 1773 2930 dominorum
1787 2895 1849 2929 ho·

1117 2950 1207 2973 nore.
1221 2950 1255 2973 ιι.
1271 2943 1345 2973 258.
