1982 3204
733 266 1173 304 nccnsssmsrch.
1548 269 1643 313 355

265 374 337 420 Sic
356 376 518 420 ratione
536 376 679 420 dolum
698 377 874 428 detexit,
895 385 940 421 et
958 393 1058 422 ense
1077 380 1263 425 abolevit

318 442 577 498 Ergamenes
597 443 775 500 sapiens,
795 443 948 487 nobilia
971 444 1243 501 Ergamenes.

260 507 329 551 Ex
350 509 422 552 illo
443 509 700 566 AEthiopum
721 510 771 553 fit
790 518 978 567 tempore
998 518 1147 567 pectus
1166 519 1373 569 apertum,

318 574 611 631 Humanaeque
631 590 762 632 capax
781 591 886 633 gens
904 576 1079 620 rationis
1099 585 1214 621 erat:

258 639 319 684 Et
338 640 592 697 simulatque
613 641 696 685 Dei
715 642 847 698 coepit
865 642 1056 686 doctrina
1074 643 1228 695 doceri,
1458 656 1529 674 -f

315 705 476 751 Christi
496 722 592 750 cum
613 707 757 764 primis
777 708 821 750 hi
840 708 1005 752 subiere
1018 709 1184 767 jugum.

257 772 331 815 Ad
351 772 525 816 Graecos
544 780 655 817 artes
675 789 827 817 venere
846 775 1054 831 bonaeque
1074 775 1292 832 malitque,

314 839 436 882 Ante
455 854 508 882 cx
529 841 728 897 AEgypto
748 855 875 896 quam
895 840 980 883 fuit
1000 841 1272 899 Ergamenes.

257 902 359 948 Una
376 905 601 948 sacerdotis
619 920 724 963 gens
743 921 908 963 semper
926 906 1108 950 habebat
1126 907 1328 951 honorem

311 970 528 1028 AEgypto:
554 970 719 1028 Sophiae
739 971 910 1029 sanguis
928 972 1047 1030 origo
1065 973 1162 1016 fuit,
1555 979 1640 1018 220

251 1034 391 1079 Natos
410 1036 591 1093 quisque
610 1053 687 1080 sua
704 1044 825 1094 pater
843 1037 1095 1082 instituebat
1114 1038 1159 1081 in
1178 1046 1295 1083 arte:

308 1101 477 1159 Ingenii
496 1102 582 1146 fuit
599 1103 666 1146 his
684 1119 771 1146 una
796 1103 998 1161 magistra
1016 1104 1178 1148 domus.

252 1167 337 1212 Sed
355 1184 579 1213 numerosa
596 1170 769 1220 domus;
800 1186 986 1226 namque
1007 1170 1090 1214 illis
1110 1171 1268 1214 tradita
1285 1170 1447 1219 alendis

306 1234 376 1278 Ex
396 1235 532 1279 tribus
547 1237 737 1294 AEgypti
757 1237 948 1294 partibus
966 1253 1052 1280 una
1070 1237 1177 1281 fuit:

248 1299 473 1357 Doctaque
492 1302 710 1346 stillabant
727 1303 951 1360 praeceptis
965 1318 1038 1346 ora
1056 1302 1292 1360 profundis,

307 1366 418 1422 Quae
437 1368 583 1412 sitiens
602 1368 744 1412 hausit
764 1370 938 1419 Graecus
958 1376 1002 1412 et
1022 1369 1242 1427 Assyrius.

250 1432 348 1476 Mos
367 1441 459 1478 erat
477 1450 587 1478 unus
607 1435 667 1479 eis
685 1436 739 1479 ad
758 1436 894 1479 sidera
913 1436 1036 1480 laude
1065 1436 1276 1487 ferendus,

306 1499 482 1558 Nempe,
501 1500 546 1543 in
560 1502 732 1558 judiciis
752 1517 880 1558 quem
900 1509 1075 1546 tenuere
1103 1502 1288 1546 modum.

248 1564 403 1609 Nullus
422 1573 514 1610 erat
532 1568 747 1624 strepitus,
768 1583 846 1612 nec
866 1583 951 1612 vox
971 1569 1116 1612 audita
1134 1568 1314 1619 clientis,

303 1630 503 1676 Patronis
523 1633 666 1677 nullus
685 1634 991 1690 causidicisque
1009 1634 1141 1678 locus.
1547 1637 1632 1676 230

245 1695 360 1741 Nam
379 1699 557 1757 triginta
575 1699 656 1743 viri
669 1700 742 1756 jus
761 1700 1016 1756 cognitionis
1034 1700 1249 1744 habebant

301 1763 369 1807 De
387 1780 447 1816 re,
468 1780 565 1822 quae
585 1765 774 1808 nondum
794 1767 890 1822 cuja
908 1765 1101 1822 liquebat
1119 1772 1224 1809 crat.

245 1828 495 1888 Conspicuis
514 1832 692 1875 totidem
712 1831 865 1875 delecti
885 1847 939 1875 ex
959 1832 1137 1875 urbibus
1156 1846 1326 1875 omnes:

301 1895 428 1940 Unus
447 1904 492 1941 et
511 1897 712 1955 adjectus,
735 1897 935 1941 Praesidia
955 1912 1044 1941 esse
1063 1897 1170 1941 loco.

242 1961 505 2007 Distinctum
525 1963 704 2021 gemmis
723 1963 889 2007 Praesea
908 1963 1060 2007 collare
1080 1963 1257 2013 ferebat,

299 2028 428 2084 Quod
447 2029 520 2073 vix
540 2029 731 2073 credibili
750 2029 844 2073 luce
863 2029 1038 2073 micasse
1058 2029 1214 2073 ferunt.

240 2094 371 2153 Ergo,
392 2095 529 2139 Index
550 2095 671 2147 Veri,
703 2097 800 2139 Vm·
819 2111 991 2152 quoque
1009 2111 1165 2139 nomen
1183 2095 1379 2146 habebat,

294 2161 479 2206 Victrici
498 2177 635 2205 causae
655 2177 810 2205 nomen
828 2162 989 2219 ubique
1008 2162 1167 2205 datum.

241 2227 354 2271 Illud
373 2228 487 2272 enim
506 2228 672 2271 Praeses
691 2243 789 2271 cum
810 2228 978 2286 scriptis
997 2227 1282 2285 applicuisset,

295 2292 415 2337 Vera
432 2309 487 2337 an
507 2294 613 2337 falsa
631 2294 817 2351 (legens)
835 2294 923 2337 sint
941 2309 991 2337 ea
1010 2293 1168 2351 scripta
1186 2292 1314 2335 videt.
1538 2293 1623 2332 240

238 2357 357 2416 Ergo
375 2375 494 2403 suam
513 2360 758 2416 quicunque
778 2360 888 2417 petit
906 2374 995 2403 rem
1015 2374 1145 2415 quam
1163 2364 1284 2402 tenet
1301 2356 1422 2407 alter,

294 2423 356 2468 Et
373 2426 511 2483 putria
527 2426 622 2483 lege
641 2432 692 2468 ut
710 2426 961 2469 restituatur
978 2425 1083 2483 agit,

240 2490 285 2533 1³
304 2491 407 2547 quid
426 2491 483 2535 sit
500 2491 674 2543 ΐιιοιιιιιι,
696 2507 783 2548 quo
801 2499 925 2549 pacto
944 2499 990 2535 et
1007 2490 1191 2548 quando,
1211 2488 1422 2545 simulque

296 2556 413 2611 Quid
431 2563 562 2601 testeo
579 2557 734 2610 dicant,
755 2558 859 2614 quid
877 2558 1040 2602 ratione
1059 2563 1200 2601 ratum
1219 2563 1297 2606 est,

237 2622 299 2666 Et
316 2622 569 2666 documenta
586 2623 654 2666 sui
665 2624 790 2680 juris,
811 2625 921 2668 serre
940 2623 1083 2667 omnia
1101 2623 1273 2680 scripte,

293 2689 355 2732 Et
374 2704 459 2732 non
477 2689 690 2747 ambiguo,
709 2690 859 2735 debuit
876 2691 992 2735 hisce
1011 2689 1128 2734 viris.

236 2754 385 2811 Hique
404 2754 554 2812 legunt
572 2769 727 2807 secum,
748 2771 836 2812 quo
855 2756 951 2799 vult
968 2755 1151 2813 petitore
1170 2755 1350 2802 beante3

292 2820 339 2864 N
340 2820 452 2865 ullus
470 2835 555 2864 non
575 2820 721 2877 scripti
740 2822 926 2879 pensitat
943 2836 1111 2867 omnem
1130 2820 1303 2879 apicem.

1351 2898 1386 2933 Α
1402 2897 1435 2932 Α
1458 2900 1479 2929 2
