<?xml version="1.0" encoding="UTF-8"?>
<!DOCTYPE html PUBLIC "-//W3C//DTD XHTML 1.0 Transitional//EN"
    "http://www.w3.org/TR/xhtml1/DTD/xhtml1-transitional.dtd">
<html xmlns="http://www.w3.org/1999/xhtml" xml:lang="en" lang="en">
 <head>
  <title>
</title>
<meta http-equiv="Content-Type" content="text/html;charset=utf-8" />
  <meta name='ocr-system' content='tesseract 3.04.00' />
  <meta name='ocr-capabilities' content='ocr_page ocr_carea ocr_par ocr_line ocrx_word'/>
</head>
<body>
  <div class='ocr_page' id='page_1' title='image "./operaphilosophic05hobbuoft/operaphilosophic05hobbuoft_0147.png"; bbox 0 0 1982 3204; ppageno 0'>
   <div class='ocr_carea' id='block_1_1' title="bbox 582 301 1555 356">
    <p class='ocr_par' dir='ltr' id='par_1_1' title="bbox 582 301 1555 356">
     <span class='ocr_line' id='line_1_1' title="bbox 582 301 1555 356; baseline -0.002 -11"><span class='ocrx_word' id='word_1_1' title='bbox 582 310 693 345; x_wconf 78' lang='lat' dir='ltr'><strong>Lux</strong></span> <span class='ocrx_word' id='word_1_2' title='bbox 721 308 1143 356; x_wconf 61' lang='lat' dir='ltr'><strong>MATBEMATICA.</strong></span> <span class='ocrx_word' id='word_1_3' title='bbox 1466 301 1555 345; x_wconf 77' lang='lat'><strong>139</strong></span> 
     </span>
    </p>
   </div>
   <div class='ocr_carea' id='block_1_2' title="bbox 649 467 1074 503">
    <p class='ocr_par' dir='ltr' id='par_1_2' title="bbox 649 467 1074 503">
     <span class='ocr_line' id='line_1_2' title="bbox 649 467 1074 503; baseline -0.005 0"><span class='ocrx_word' id='word_1_4' title='bbox 649 468 963 503; x_wconf 79' lang='lat' dir='ltr'>PROPOSITIO</span> <span class='ocrx_word' id='word_1_5' title='bbox 997 467 1074 501; x_wconf 88' lang='lat' dir='ltr'><strong>IV.</strong></span> 
     </span>
    </p>
   </div>
   <div class='ocr_carea' id='block_1_3' title="bbox 164 534 1840 1360">
    <p class='ocr_par' dir='ltr' id='par_1_3' title="bbox 167 534 1840 751">
     <span class='ocr_line' id='line_1_3' title="bbox 167 534 1840 599; baseline -0.003 -10"><span class='ocrx_word' id='word_1_6' title='bbox 167 539 329 590; x_wconf 80' lang='lat' dir='ltr'><strong>Arcui</strong></span> <span class='ocrx_word' id='word_1_7' title='bbox 375 539 494 588; x_wconf 82' lang='lat' dir='ltr'><strong>dato</strong></span> <span class='ocrx_word' id='word_1_8' title='bbox 551 538 765 587; x_wconf 80' lang='lat' dir='ltr'><strong>invenire</strong></span> <span class='ocrx_word' id='word_1_9' title='bbox 797 542 983 585; x_wconf 83' lang='lat' dir='ltr'><strong>rectam</strong></span> <span class='ocrx_word' id='word_1_10' title='bbox 1022 534 1273 599; x_wconf 71' lang='lat' dir='ltr'><strong>(equalem,</strong></span> <span class='ocrx_word' id='word_1_11' title='bbox 1316 542 1366 583; x_wconf 82' lang='lat' dir='ltr'><strong>et</strong></span> <span class='ocrx_word' id='word_1_12' title='bbox 1412 541 1559 585; x_wconf 77' lang='lat' dir='ltr'><strong>rec-tce</strong></span> <span class='ocrx_word' id='word_1_13' title='bbox 1575 558 1840 586; x_wconf 69' lang='lat' dir='ltr'><strong>comnovmz·</strong></span> 
     </span>
     <span class='ocr_line' id='line_1_4' title="bbox 231 612 1784 679; baseline -0.005 -16"><span class='ocrx_word' id='word_1_14' title='bbox 231 614 364 663; x_wconf 76' lang='lat' dir='ltr'><strong>data&gt;</strong></span> <span class='ocrx_word' id='word_1_15' title='bbox 384 612 618 679; x_wconf 69' lang='lat' dir='ltr'><strong>(equalem</strong></span> <span class='ocrx_word' id='word_1_16' title='bbox 642 630 827 662; x_wconf 84' lang='lat' dir='ltr'><strong>areum.</strong></span> <span class='ocrx_word' id='word_1_17' title='bbox 1631 614 1694 639; x_wconf 54' lang='grc' dir='ltr'><strong>ΒΗ</strong></span> <span class='ocrx_word' id='word_1_18' title='bbox 1712 613 1784 638; x_wconf 69' lang='lat'><strong>³¹¹¹·</strong></span> 
     </span>
     <span class='ocr_line' id='line_1_5' title="bbox 233 686 1556 751; baseline -0.005 -11"><span class='ocrx_word' id='word_1_19' title='bbox 233 691 309 739; x_wconf 89' lang='lat' dir='ltr'><strong>Sit</strong></span> <span class='ocrx_word' id='word_1_20' title='bbox 332 706 475 739; x_wconf 87' lang='lat' dir='ltr'><strong>arcus</strong></span> <span class='ocrx_word' id='word_1_21' title='bbox 500 690 643 738; x_wconf 89' lang='lat' dir='ltr'><strong>datus</strong></span> <span class='ocrx_word' id='word_1_22' title='bbox 670 689 758 736; x_wconf 77' lang='lat' dir='ltr'><strong>Bs:</strong></span> <span class='ocrx_word' id='word_1_23' title='bbox 795 688 1099 751; x_wconf 85' lang='lat' dir='ltr'><strong>ducaturque</strong></span> <span class='ocrx_word' id='word_1_24' title='bbox 1124 686 1215 745; x_wconf 73' lang='lat' dir='ltr'><strong>Ns,</strong></span> <span class='ocrx_word' id='word_1_25' title='bbox 1240 693 1289 734; x_wconf 91' lang='lat' dir='ltr'><strong>et</strong></span> <span class='ocrx_word' id='word_1_26' title='bbox 1312 686 1556 750; x_wconf 89' lang='lat' dir='ltr'><strong>produca-</strong></span> 
     </span>
    </p>

    <p class='ocr_par' dir='ltr' id='par_1_4' title="bbox 165 762 1559 826">
     <span class='ocr_line' id='line_1_6' title="bbox 165 762 1559 826; baseline -0.004 -10"><span class='ocrx_word' id='word_1_27' title='bbox 165 775 247 815; x_wconf 87' lang='lat' dir='ltr'><strong>tur</strong></span> <span class='ocrx_word' id='word_1_28' title='bbox 269 768 333 815; x_wconf 86' lang='lat' dir='ltr'><strong>ad</strong></span> <span class='ocrx_word' id='word_1_29' title='bbox 355 767 484 815; x_wconf 92' lang='lat' dir='ltr'><strong>latus</strong></span> <span class='ocrx_word' id='word_1_30' title='bbox 505 765 587 813; x_wconf 91' lang='lat' dir='ltr'><strong>BC</strong></span> <span class='ocrx_word' id='word_1_31' title='bbox 612 765 662 813; x_wconf 89' lang='lat' dir='ltr'><strong>in</strong></span> <span class='ocrx_word' id='word_1_32' title='bbox 695 764 745 811; x_wconf 90' lang='lat' dir='ltr'><strong>F.</strong></span> <span class='ocrx_word' id='word_1_33' title='bbox 816 763 924 811; x_wconf 90' lang='lat' dir='ltr'><strong>Erit</strong></span> <span class='ocrx_word' id='word_1_34' title='bbox 948 779 1065 825; x_wconf 84' lang='lat' dir='ltr'><strong>ergo</strong></span> <span class='ocrx_word' id='word_1_35' title='bbox 1093 762 1173 811; x_wconf 91' lang='lat' dir='ltr'><strong>BF</strong></span> <span class='ocrx_word' id='word_1_36' title='bbox 1195 762 1398 826; x_wconf 85' lang='lat' dir='ltr'><strong>aequalis</strong></span> <span class='ocrx_word' id='word_1_37' title='bbox 1422 763 1559 810; x_wconf 88' lang='lat' dir='ltr'><strong>arcui</strong></span> 
     </span>
    </p>

    <p class='ocr_par' dir='ltr' id='par_1_5' title="bbox 168 837 1542 960">
     <span class='ocr_line' id='line_1_7' title="bbox 168 837 1542 960; baseline -0.005 -69"><span class='ocrx_word' id='word_1_38' title='bbox 168 842 236 891; x_wconf 67' lang='lat' dir='ltr'><strong>Be</strong></span> <span class='ocrx_word' id='word_1_39' title='bbox 258 858 347 907; x_wconf 86' lang='lat' dir='ltr'><strong>per</strong></span> <span class='ocrx_word' id='word_1_40' title='bbox 369 841 593 905; x_wconf 84' lang='lat' dir='ltr'><strong>primam.</strong></span> <span class='ocrx_word' id='word_1_41' title='bbox 664 839 740 887; x_wconf 88' lang='lat' dir='ltr'><strong>Sit</strong></span> <span class='ocrx_word' id='word_1_42' title='bbox 764 837 941 886; x_wconf 88' lang='lat' dir='ltr'><strong>deinde</strong></span> <span class='ocrx_word' id='word_1_43' title='bbox 970 837 1087 885; x_wconf 87' lang='lat' dir='ltr'><strong>data</strong></span> <span class='ocrx_word' id='word_1_44' title='bbox 1112 846 1249 885; x_wconf 90' lang='lat' dir='ltr'><strong>recta</strong></span> <span class='ocrx_word' id='word_1_45' title='bbox 1287 837 1369 885; x_wconf 88' lang='lat' dir='ltr'><strong>BC</strong></span> <span class='ocrx_word' id='word_1_46' title='bbox 1405 837 1542 960; x_wconf 47' lang='lat' dir='ltr'><strong>lan}</strong></span> 
     </span>
    </p>

    <p class='ocr_par' dir='ltr' id='par_1_6' title="bbox 166 913 1494 980">
     <span class='ocr_line' id='line_1_8' title="bbox 166 913 1494 980; baseline -0.005 -14"><span class='ocrx_word' id='word_1_47' title='bbox 166 925 480 980; x_wconf 87' lang='lat' dir='ltr'><strong>sumaturque</strong></span> <span class='ocrx_word' id='word_1_48' title='bbox 520 914 731 964; x_wconf 86' lang='lat' dir='ltr'>semissis</span> <span class='ocrx_word' id='word_1_49' title='bbox 773 915 892 978; x_wconf 90' lang='lat' dir='ltr'><strong>ejus,</strong></span> <span class='ocrx_word' id='word_1_50' title='bbox 933 913 1031 962; x_wconf 87' lang='lat' dir='ltr'><strong>BF.</strong></span> <span class='ocrx_word' id='word_1_51' title='bbox 1099 913 1262 961; x_wconf 90' lang='lat' dir='ltr'><strong>Ducta</strong></span> <span class='ocrx_word' id='word_1_52' title='bbox 1299 928 1417 976; x_wconf 88' lang='lat' dir='ltr'><strong>ergo</strong></span> <span class='ocrx_word' id='word_1_53' title='bbox 1457 913 1494 961; x_wconf 92' lang='lat' dir='ltr'><strong>F</strong></span> 
     </span>
    </p>

    <p class='ocr_par' dir='ltr' id='par_1_7' title="bbox 165 989 1563 1059">
     <span class='ocr_line' id='line_1_9' title="bbox 165 989 1563 1059; baseline -0.004 -18"><span class='ocrx_word' id='word_1_54' title='bbox 165 1001 361 1059; x_wconf 84' lang='lat' dir='ltr'><strong>secante</strong></span> <span class='ocrx_word' id='word_1_55' title='bbox 384 1007 553 1039; x_wconf 89' lang='lat' dir='ltr'><strong>arcum</strong></span> <span class='ocrx_word' id='word_1_56' title='bbox 574 990 659 1038; x_wconf 90' lang='lat' dir='ltr'><strong>BG</strong></span> <span class='ocrx_word' id='word_1_57' title='bbox 682 990 732 1037; x_wconf 92' lang='lat' dir='ltr'><strong>in</strong></span> <span class='ocrx_word' id='word_1_58' title='bbox 752 1006 794 1048; x_wconf 75' lang='lat' dir='ltr'><strong>S,</strong></span> <span class='ocrx_word' id='word_1_59' title='bbox 819 989 928 1048; x_wconf 90' lang='lat' dir='ltr'><strong>erit,</strong></span> <span class='ocrx_word' id='word_1_60' title='bbox 953 1005 1041 1052; x_wconf 91' lang='lat' dir='ltr'><strong>per</strong></span> <span class='ocrx_word' id='word_1_61' title='bbox 1063 989 1289 1053; x_wconf 86' lang='lat' dir='ltr'><strong>primam,</strong></span> <span class='ocrx_word' id='word_1_62' title='bbox 1315 989 1384 1036; x_wconf 74' lang='lat' dir='ltr'><strong>Bs</strong></span> <span class='ocrx_word' id='word_1_63' title='bbox 1403 1005 1563 1052; x_wconf 88' lang='lat' dir='ltr'><strong>aequa-</strong></span> 
     </span>
    </p>

    <p class='ocr_par' dir='ltr' id='par_1_8' title="bbox 164 1063 1563 1207">
     <span class='ocr_line' id='line_1_10' title="bbox 164 1063 1563 1129; baseline -0.004 -12"><span class='ocrx_word' id='word_1_64' title='bbox 164 1068 224 1117; x_wconf 91' lang='lat' dir='ltr'><strong>lis</strong></span> <span class='ocrx_word' id='word_1_65' title='bbox 246 1076 395 1117; x_wconf 85' lang='lat' dir='ltr'><strong>rectae</strong></span> <span class='ocrx_word' id='word_1_66' title='bbox 421 1066 515 1115; x_wconf 89' lang='lat' dir='ltr'><strong>BF.</strong></span> <span class='ocrx_word' id='word_1_67' title='bbox 585 1067 650 1114; x_wconf 92' lang='lat' dir='ltr'><strong>Et</strong></span> <span class='ocrx_word' id='word_1_68' title='bbox 673 1065 923 1129; x_wconf 88' lang='lat' dir='ltr'><strong>duplicata</strong></span> <span class='ocrx_word' id='word_1_69' title='bbox 948 1065 1015 1113; x_wconf 77' lang='lat' dir='ltr'><strong>Bs</strong></span> <span class='ocrx_word' id='word_1_70' title='bbox 1048 1065 1099 1112; x_wconf 92' lang='lat' dir='ltr'><strong>in</strong></span> <span class='ocrx_word' id='word_1_71' title='bbox 1129 1071 1165 1123; x_wconf 87' lang='lat' dir='ltr'><strong>t,</strong></span> <span class='ocrx_word' id='word_1_72' title='bbox 1191 1064 1285 1112; x_wconf 92' lang='lat' dir='ltr'><strong>erit</strong></span> <span class='ocrx_word' id='word_1_73' title='bbox 1319 1080 1462 1112; x_wconf 89' lang='lat' dir='ltr'><strong>arcus</strong></span> <span class='ocrx_word' id='word_1_74' title='bbox 1500 1063 1563 1111; x_wconf 80' lang='lat' dir='ltr'><strong>Bt</strong></span> 
     </span>
     <span class='ocr_line' id='line_1_11' title="bbox 164 1141 654 1207; baseline -0.006 -15"><span class='ocrx_word' id='word_1_75' title='bbox 164 1142 364 1207; x_wconf 85' lang='lat' dir='ltr'><strong>aequalis</strong></span> <span class='ocrx_word' id='word_1_76' title='bbox 387 1142 530 1190; x_wconf 86' lang='lat' dir='ltr'><strong>lateri</strong></span> <span class='ocrx_word' id='word_1_77' title='bbox 556 1141 654 1189; x_wconf 90' lang='lat' dir='ltr'><strong>BC.</strong></span> 
     </span>
    </p>

    <p class='ocr_par' dir='ltr' id='par_1_9' title="bbox 173 1215 1564 1282">
     <span class='ocr_line' id='line_1_12' title="bbox 173 1215 1564 1282; baseline -0.003 -15"><span class='ocrx_word' id='word_1_78' title='bbox 173 1274 175 1277; x_wconf 37' lang='grc'>,</span> <span class='ocrx_word' id='word_1_79' title='bbox 230 1219 340 1267; x_wconf 89' lang='lat' dir='ltr'><strong>Erit</strong></span> <span class='ocrx_word' id='word_1_80' title='bbox 363 1234 555 1282; x_wconf 90' lang='lat' dir='ltr'><strong>quoque</strong></span> <span class='ocrx_word' id='word_1_81' title='bbox 570 1233 712 1265; x_wconf 89' lang='lat' dir='ltr'><strong>arcus</strong></span> <span class='ocrx_word' id='word_1_82' title='bbox 737 1217 805 1265; x_wconf 83' lang='lat' dir='ltr'><strong>Dt</strong></span> <span class='ocrx_word' id='word_1_83' title='bbox 830 1217 1029 1281; x_wconf 85' lang='lat' dir='ltr'><strong>aequalis</strong></span> <span class='ocrx_word' id='word_1_84' title='bbox 1053 1225 1203 1265; x_wconf 88' lang='lat' dir='ltr'><strong>rectae</strong></span> <span class='ocrx_word' id='word_1_85' title='bbox 1223 1215 1320 1275; x_wconf 91' lang='lat' dir='ltr'><strong>CL,</strong></span> <span class='ocrx_word' id='word_1_86' title='bbox 1339 1215 1564 1279; x_wconf 85' lang='lat' dir='ltr'>tangenti</span> 
     </span>
    </p>

    <p class='ocr_par' dir='ltr' id='par_1_10' title="bbox 169 1292 931 1360">
     <span class='ocr_line' id='line_1_13' title="bbox 169 1292 931 1360; baseline -0.007 -16"><span class='ocrx_word' id='word_1_87' title='bbox 169 1299 233 1360; x_wconf 80' lang='grc'><strong>30</strong></span> <span class='ocrx_word' id='word_1_88' title='bbox 256 1293 516 1359; x_wconf 87' lang='lat' dir='ltr'><strong>graduum,</strong></span> <span class='ocrx_word' id='word_1_89' title='bbox 542 1293 642 1341; x_wconf 88' lang='lat' dir='ltr'><strong>sive</strong></span> <span class='ocrx_word' id='word_1_90' title='bbox 667 1300 813 1340; x_wconf 83' lang='lat' dir='ltr'><strong>rectae</strong></span> <span class='ocrx_word' id='word_1_91' title='bbox 836 1292 931 1340; x_wconf 83' lang='lat' dir='ltr'><strong>Du.</strong></span> 
     </span>
    </p>
   </div>
   <div class='ocr_carea' id='block_1_4' title="bbox 1518 856 1560 972">
    <p class='ocr_par' dir='ltr' id='par_1_11' title="bbox 1518 856 1560 972">
     <span class='ocr_line' id='line_1_14' title="bbox 1518 856 1560 885; baseline 0.048 -2"><span class='ocrx_word' id='word_1_92' title='bbox 1518 856 1560 885; x_wconf 58' lang='lat' dir='ltr'><strong>n:</strong></span> 
     </span>
     <span class='ocr_line' id='line_1_15' title="bbox 1546 951 1560 972; baseline 0 0"><span class='ocrx_word' id='word_1_93' title='bbox 1546 951 1560 972; x_wconf 70' lang='lat'><em>2</em></span> 
     </span>
    </p>
   </div>
   <div class='ocr_carea' id='block_1_5' title="bbox 656 1424 1076 1458">
    <p class='ocr_par' dir='ltr' id='par_1_12' title="bbox 656 1424 1076 1458">
     <span class='ocr_line' id='line_1_16' title="bbox 656 1424 1076 1458; baseline 0 0"><span class='ocrx_word' id='word_1_94' title='bbox 656 1424 986 1458; x_wconf 84' lang='lat' dir='ltr'>PROPOSITIO</span> <span class='ocrx_word' id='word_1_95' title='bbox 1022 1425 1076 1458; x_wconf 80' lang='lat' dir='ltr'><strong>V.</strong></span> 
     </span>
    </p>
   </div>
   <div class='ocr_carea' id='block_1_6' title="bbox 163 1492 1571 2990">
    <p class='ocr_par' dir='ltr' id='par_1_13' title="bbox 171 1492 1567 1620">
     <span class='ocr_line' id='line_1_17' title="bbox 171 1492 1567 1559; baseline -0.004 -14"><span class='ocrx_word' id='word_1_96' title='bbox 171 1497 234 1545; x_wconf 80' lang='lat' dir='ltr'><strong>In</strong></span> <span class='ocrx_word' id='word_1_97' title='bbox 259 1495 444 1544; x_wconf 84' lang='lat' dir='ltr'><strong>circulo</strong></span> <span class='ocrx_word' id='word_1_98' title='bbox 473 1493 759 1543; x_wconf 77' lang='lat' dir='ltr'><em>describere</em></span> <span class='ocrx_word' id='word_1_99' title='bbox 783 1493 1091 1559; x_wconf 73' lang='lat' dir='ltr'><em>polygonum</em></span> <span class='ocrx_word' id='word_1_100' title='bbox 1123 1492 1379 1559; x_wconf 84' lang='lat' dir='ltr'><em>regulare,</em></span> <span class='ocrx_word' id='word_1_101' title='bbox 1403 1508 1567 1540; x_wconf 80' lang='lat' dir='ltr'><strong>nume-</strong></span> 
     </span>
     <span class='ocr_line' id='line_1_18' title="bbox 234 1569 995 1620; baseline -0.007 0"><span class='ocrx_word' id='word_1_102' title='bbox 234 1588 342 1620; x_wconf 79' lang='lat' dir='ltr'><strong>rum</strong></span> <span class='ocrx_word' id='word_1_103' title='bbox 367 1571 580 1620; x_wconf 81' lang='lat' dir='ltr'><strong>laterum</strong></span> <span class='ocrx_word' id='word_1_104' title='bbox 604 1569 788 1617; x_wconf 70' lang='lat' dir='ltr'><strong>habens</strong></span> <span class='ocrx_word' id='word_1_105' title='bbox 814 1569 995 1616; x_wconf 65' lang='lat' dir='ltr'><strong>datram.</strong></span> 
     </span>
    </p>

    <p class='ocr_par' dir='ltr' id='par_1_14' title="bbox 164 1643 1568 1785">
     <span class='ocr_line' id='line_1_19' title="bbox 235 1643 1568 1710; baseline -0.002 -17"><span class='ocrx_word' id='word_1_106' title='bbox 235 1645 458 1710; x_wconf 84' lang='lat' dir='ltr'><strong>Exempli</strong></span> <span class='ocrx_word' id='word_1_107' title='bbox 481 1645 673 1708; x_wconf 86' lang='lat' dir='ltr'><strong>gratia:</strong></span> <span class='ocrx_word' id='word_1_108' title='bbox 711 1643 1087 1693; x_wconf 88' lang='lat' dir='ltr'><strong>describendum</strong></span> <span class='ocrx_word' id='word_1_109' title='bbox 1112 1643 1175 1691; x_wconf 90' lang='lat' dir='ltr'><strong>sit</strong></span> <span class='ocrx_word' id='word_1_110' title='bbox 1197 1643 1248 1691; x_wconf 92' lang='lat' dir='ltr'><strong>in</strong></span> <span class='ocrx_word' id='word_1_111' title='bbox 1272 1643 1456 1691; x_wconf 89' lang='lat' dir='ltr'><strong>circulo</strong></span> <span class='ocrx_word' id='word_1_112' title='bbox 1481 1659 1568 1691; x_wconf 88' lang='lat' dir='ltr'><strong>cu-</strong></span> 
     </span>
     <span class='ocr_line' id='line_1_20' title="bbox 164 1719 1282 1785; baseline -0.004 -15"><span class='ocrx_word' id='word_1_113' title='bbox 164 1723 246 1785; x_wconf 88' lang='lat' dir='ltr'><strong>jus</strong></span> <span class='ocrx_word' id='word_1_114' title='bbox 268 1720 433 1768; x_wconf 89' lang='lat' dir='ltr'><strong>radius</strong></span> <span class='ocrx_word' id='word_1_115' title='bbox 457 1728 531 1768; x_wconf 90' lang='lat' dir='ltr'><strong>est</strong></span> <span class='ocrx_word' id='word_1_116' title='bbox 558 1721 661 1779; x_wconf 90' lang='lat' dir='ltr'><strong>AB,</strong></span> <span class='ocrx_word' id='word_1_117' title='bbox 686 1721 1020 1783; x_wconf 86' lang='lat' dir='ltr'><strong>heptagonum</strong></span> <span class='ocrx_word' id='word_1_118' title='bbox 1043 1719 1282 1782; x_wconf 85' lang='lat' dir='ltr'><strong>regulare.</strong></span> 
     </span>
    </p>

    <p class='ocr_par' dir='ltr' id='par_1_15' title="bbox 163 1792 1571 2767">
     <span class='ocr_line' id='line_1_21' title="bbox 237 1792 1567 1860; baseline -0.002 -16"><span class='ocrx_word' id='word_1_119' title='bbox 237 1796 471 1845; x_wconf 84' lang='lat' dir='ltr'><strong>Sumatur</strong></span> <span class='ocrx_word' id='word_1_120' title='bbox 492 1811 523 1844; x_wconf 85' lang='lat' dir='ltr'><strong>a</strong></span> <span class='ocrx_word' id='word_1_121' title='bbox 543 1803 728 1860; x_wconf 91' lang='lat' dir='ltr'><strong>puncto</strong></span> <span class='ocrx_word' id='word_1_122' title='bbox 748 1796 789 1843; x_wconf 95' lang='lat' dir='ltr'><strong>B</strong></span> <span class='ocrx_word' id='word_1_123' title='bbox 815 1795 1021 1859; x_wconf 85' lang='lat' dir='ltr'><strong>septima</strong></span> <span class='ocrx_word' id='word_1_124' title='bbox 1038 1810 1152 1859; x_wconf 85' lang='lat' dir='ltr'><strong>pars</strong></span> <span class='ocrx_word' id='word_1_125' title='bbox 1176 1803 1326 1843; x_wconf 79' lang='lat' dir='ltr'><strong>rectae</strong></span> <span class='ocrx_word' id='word_1_126' title='bbox 1346 1794 1423 1858; x_wconf 87' lang='lat' dir='ltr'><strong>Bq</strong></span> <span class='ocrx_word' id='word_1_127' title='bbox 1443 1812 1455 1841; x_wconf 70' lang='grc' dir='ltr'>ε</span> <span class='ocrx_word' id='word_1_128' title='bbox 1482 1792 1567 1841; x_wconf 91' lang='lat' dir='ltr'><strong>da-</strong></span> 
     </span>
     <span class='ocr_line' id='line_1_22' title="bbox 166 1869 1569 1936; baseline -0.003 -16"><span class='ocrx_word' id='word_1_129' title='bbox 166 1880 251 1921; x_wconf 87' lang='lat' dir='ltr'><strong>tur</strong></span> <span class='ocrx_word' id='word_1_130' title='bbox 272 1872 405 1919; x_wconf 91' lang='lat' dir='ltr'><strong>enim</strong></span> <span class='ocrx_word' id='word_1_131' title='bbox 426 1887 540 1935; x_wconf 86' lang='lat' dir='ltr'><strong>pars</strong></span> <span class='ocrx_word' id='word_1_132' title='bbox 562 1872 772 1936; x_wconf 87' lang='lat' dir='ltr'><strong>septima</strong></span> <span class='ocrx_word' id='word_1_133' title='bbox 805 1878 956 1919; x_wconf 86' lang='lat' dir='ltr'><strong>rectae</strong></span> <span class='ocrx_word' id='word_1_134' title='bbox 987 1871 1337 1934; x_wconf 88' lang='lat' dir='ltr'><strong>cujuscunque.</strong></span> <span class='ocrx_word' id='word_1_135' title='bbox 1407 1869 1569 1917; x_wconf 89' lang='lat' dir='ltr'><strong>Datur</strong></span> 
     </span>
     <span class='ocr_line' id='line_1_23' title="bbox 169 1943 1569 2012; baseline -0.003 -16"><span class='ocrx_word' id='word_1_136' title='bbox 169 1963 288 2012; x_wconf 83' lang='lat' dir='ltr'><strong>ergo</strong></span> <span class='ocrx_word' id='word_1_137' title='bbox 309 1963 424 2011; x_wconf 88' lang='lat' dir='ltr'><strong>pars</strong></span> <span class='ocrx_word' id='word_1_138' title='bbox 448 1947 657 2011; x_wconf 89' lang='lat' dir='ltr'><strong>septima</strong></span> <span class='ocrx_word' id='word_1_139' title='bbox 673 1962 815 1994; x_wconf 88' lang='lat' dir='ltr'><strong>arcus</strong></span> <span class='ocrx_word' id='word_1_140' title='bbox 839 1945 924 1994; x_wconf 91' lang='lat' dir='ltr'><strong>BG</strong></span> <span class='ocrx_word' id='word_1_141' title='bbox 944 1964 957 1993; x_wconf 74' lang='lat' dir='ltr'>z</span> <span class='ocrx_word' id='word_1_142' title='bbox 981 1961 1127 2009; x_wconf 85' lang='lat' dir='ltr'><strong>quam</strong></span> <span class='ocrx_word' id='word_1_143' title='bbox 1145 1944 1400 1993; x_wconf 88' lang='lat' dir='ltr'><strong>abscindet</strong></span> <span class='ocrx_word' id='word_1_144' title='bbox 1418 1943 1569 1992; x_wconf 85' lang='lat' dir='ltr'><strong>ducta</strong></span> 
     </span>
     <span class='ocr_line' id='line_1_24' title="bbox 166 2019 1564 2087; baseline -0.004 -15"><span class='ocrx_word' id='word_1_145' title='bbox 166 2031 305 2072; x_wconf 82' lang='lat' dir='ltr'><strong>recta</strong></span> <span class='ocrx_word' id='word_1_146' title='bbox 321 2039 352 2072; x_wconf 87' lang='lat' dir='ltr'><strong>a</strong></span> <span class='ocrx_word' id='word_1_147' title='bbox 373 2032 561 2087; x_wconf 89' lang='lat' dir='ltr'><strong>puncto</strong></span> <span class='ocrx_word' id='word_1_148' title='bbox 581 2022 630 2071; x_wconf 94' lang='lat' dir='ltr'>N</span> <span class='ocrx_word' id='word_1_149' title='bbox 654 2021 718 2070; x_wconf 88' lang='lat' dir='ltr'><strong>ad</strong></span> <span class='ocrx_word' id='word_1_150' title='bbox 750 2028 943 2086; x_wconf 89' lang='lat' dir='ltr'><strong>partem</strong></span> <span class='ocrx_word' id='word_1_151' title='bbox 979 2020 1238 2085; x_wconf 87' lang='lat' dir='ltr'><strong>septimam</strong></span> <span class='ocrx_word' id='word_1_152' title='bbox 1275 2036 1420 2069; x_wconf 90' lang='lat' dir='ltr'><strong>arcus</strong></span> <span class='ocrx_word' id='word_1_153' title='bbox 1461 2019 1564 2068; x_wconf 92' lang='lat' dir='ltr'><strong>BG.</strong></span> 
     </span>
     <span class='ocr_line' id='line_1_25' title="bbox 167 2096 1566 2163; baseline -0.004 -15"><span class='ocrx_word' id='word_1_154' title='bbox 167 2099 259 2148; x_wconf 85' lang='lat' dir='ltr'><strong>Est</strong></span> <span class='ocrx_word' id='word_1_155' title='bbox 288 2114 407 2163; x_wconf 87' lang='lat' dir='ltr'><strong>ergo</strong></span> <span class='ocrx_word' id='word_1_156' title='bbox 438 2114 583 2147; x_wconf 88' lang='lat' dir='ltr'><strong>arcus</strong></span> <span class='ocrx_word' id='word_1_157' title='bbox 626 2097 711 2146; x_wconf 92' lang='lat' dir='ltr'><strong>BG</strong></span> <span class='ocrx_word' id='word_1_158' title='bbox 746 2097 892 2146; x_wconf 91' lang='lat' dir='ltr'><strong>simul</strong></span> <span class='ocrx_word' id='word_1_159' title='bbox 929 2113 1042 2146; x_wconf 86' lang='lat' dir='ltr'><strong>cum</strong></span> <span class='ocrx_word' id='word_1_160' title='bbox 1078 2097 1293 2161; x_wconf 89' lang='lat' dir='ltr'><strong>quinque</strong></span> <span class='ocrx_word' id='word_1_161' title='bbox 1331 2096 1566 2160; x_wconf 80' lang='lat' dir='ltr'><strong>septimiS‚</strong></span> 
     </span>
     <span class='ocr_line' id='line_1_26' title="bbox 165 2173 1566 2238; baseline -0.001 -16"><span class='ocrx_word' id='word_1_162' title='bbox 165 2174 371 2237; x_wconf 82' lang='lat' dir='ltr'><strong>aequalis</strong></span> <span class='ocrx_word' id='word_1_163' title='bbox 395 2173 656 2222; x_wconf 87' lang='lat' dir='ltr'><strong>duodecim</strong></span> <span class='ocrx_word' id='word_1_164' title='bbox 679 2173 901 2238; x_wconf 86' lang='lat' dir='ltr'><strong>septimis</strong></span> <span class='ocrx_word' id='word_1_165' title='bbox 935 2189 1078 2222; x_wconf 89' lang='lat' dir='ltr'><strong>arcus</strong></span> <span class='ocrx_word' id='word_1_166' title='bbox 1102 2173 1204 2222; x_wconf 90' lang='lat' dir='ltr'><strong>BG.</strong></span> <span class='ocrx_word' id='word_1_167' title='bbox 1272 2173 1361 2221; x_wconf 89' lang='lat' dir='ltr'><strong>Est</strong></span> <span class='ocrx_word' id='word_1_168' title='bbox 1398 2180 1566 2220; x_wconf 89' lang='lat' dir='ltr'><strong>autem</strong></span> 
     </span>
     <span class='ocr_line' id='line_1_27' title="bbox 167 2247 1570 2314; baseline -0.002 -16"><span class='ocrx_word' id='word_1_169' title='bbox 167 2256 277 2298; x_wconf 86' lang='lat' dir='ltr'><strong>tota</strong></span> <span class='ocrx_word' id='word_1_170' title='bbox 297 2250 561 2314; x_wconf 90' lang='lat' dir='ltr'><strong>perimeter</strong></span> <span class='ocrx_word' id='word_1_171' title='bbox 588 2249 835 2313; x_wconf 89' lang='lat' dir='ltr'><strong>descripta</strong></span> <span class='ocrx_word' id='word_1_172' title='bbox 867 2249 1229 2298; x_wconf 85' lang='lat' dir='ltr'><strong>semidiametro</strong></span> <span class='ocrx_word' id='word_1_173' title='bbox 1253 2249 1357 2307; x_wconf 89' lang='grc' dir='ltr'><strong>ΑΒ,</strong></span> <span class='ocrx_word' id='word_1_174' title='bbox 1381 2247 1570 2296; x_wconf 92' lang='lat' dir='ltr'><strong>duode-</strong></span> 
     </span>
     <span class='ocr_line' id='line_1_28' title="bbox 169 2322 1571 2390; baseline -0.001 -16"><span class='ocrx_word' id='word_1_175' title='bbox 169 2325 315 2390; x_wconf 82' lang='lat' dir='ltr'><strong>cupla</strong></span> <span class='ocrx_word' id='word_1_176' title='bbox 336 2341 479 2374; x_wconf 87' lang='lat' dir='ltr'><strong>arcus</strong></span> <span class='ocrx_word' id='word_1_177' title='bbox 503 2325 605 2374; x_wconf 92' lang='lat' dir='ltr'><strong>BG.</strong></span> <span class='ocrx_word' id='word_1_178' title='bbox 672 2325 763 2373; x_wconf 89' lang='lat' dir='ltr'><strong>Est</strong></span> <span class='ocrx_word' id='word_1_179' title='bbox 786 2340 904 2389; x_wconf 87' lang='lat' dir='ltr'><strong>ergo</strong></span> <span class='ocrx_word' id='word_1_180' title='bbox 928 2331 1037 2373; x_wconf 90' lang='lat' dir='ltr'><strong>tota</strong></span> <span class='ocrx_word' id='word_1_181' title='bbox 1057 2324 1323 2388; x_wconf 88' lang='lat' dir='ltr'><strong>perimeter</strong></span> <span class='ocrx_word' id='word_1_182' title='bbox 1344 2322 1571 2387; x_wconf 88' lang='lat' dir='ltr'><strong>septupla</strong></span> 
     </span>
     <span class='ocr_line' id='line_1_29' title="bbox 164 2399 1570 2465; baseline -0.002 -16"><span class='ocrx_word' id='word_1_183' title='bbox 164 2415 313 2449; x_wconf 78' lang='lat' dir='ltr'><strong>arcus</strong></span> <span class='ocrx_word' id='word_1_184' title='bbox 336 2401 420 2465; x_wconf 89' lang='lat' dir='ltr'><strong>qui</strong></span> <span class='ocrx_word' id='word_1_185' title='bbox 451 2401 764 2465; x_wconf 86' lang='lat' dir='ltr'><strong>componitur</strong></span> <span class='ocrx_word' id='word_1_186' title='bbox 794 2416 856 2448; x_wconf 84' lang='lat' dir='ltr'><strong>ex</strong></span> <span class='ocrx_word' id='word_1_187' title='bbox 887 2399 1147 2447; x_wconf 87' lang='lat' dir='ltr'><strong>duodecim</strong></span> <span class='ocrx_word' id='word_1_188' title='bbox 1171 2399 1390 2463; x_wconf 91' lang='lat' dir='ltr'><strong>septimis</strong></span> <span class='ocrx_word' id='word_1_189' title='bbox 1425 2413 1570 2446; x_wconf 88' lang='lat' dir='ltr'><strong>arcus</strong></span> 
     </span>
     <span class='ocr_line' id='line_1_30' title="bbox 170 2474 1570 2539; baseline -0.004 -14"><span class='ocrx_word' id='word_1_190' title='bbox 170 2474 272 2525; x_wconf 91' lang='lat' dir='ltr'><strong>BG.</strong></span> <span class='ocrx_word' id='word_1_191' title='bbox 329 2476 488 2524; x_wconf 86' lang='lat' dir='ltr'><strong>Datur</strong></span> <span class='ocrx_word' id='word_1_192' title='bbox 510 2485 676 2524; x_wconf 88' lang='lat' dir='ltr'><strong>autem</strong></span> <span class='ocrx_word' id='word_1_193' title='bbox 700 2491 843 2524; x_wconf 82' lang='lat' dir='ltr'><strong>arcus</strong></span> <span class='ocrx_word' id='word_1_194' title='bbox 866 2474 1201 2539; x_wconf 87' lang='lat' dir='ltr'><strong>duodecuplus</strong></span> <span class='ocrx_word' id='word_1_195' title='bbox 1226 2474 1445 2538; x_wconf 73' lang='lat' dir='ltr'><strong>septimae</strong></span> <span class='ocrx_word' id='word_1_196' title='bbox 1461 2489 1570 2536; x_wconf 88' lang='lat' dir='ltr'><strong>par·</strong></span> 
     </span>
     <span class='ocr_line' id='line_1_31' title="bbox 165 2549 1570 2615; baseline -0.004 -15"><span class='ocrx_word' id='word_1_197' title='bbox 165 2551 235 2599; x_wconf 73' lang='lat' dir='ltr'><strong>‘tis</strong></span> <span class='ocrx_word' id='word_1_198' title='bbox 257 2566 401 2600; x_wconf 81' lang='lat' dir='ltr'><strong>arcus</strong></span> <span class='ocrx_word' id='word_1_199' title='bbox 426 2552 525 2600; x_wconf 91' lang='lat' dir='ltr'><strong>BG.</strong></span> <span class='ocrx_word' id='word_1_200' title='bbox 596 2552 757 2600; x_wconf 86' lang='lat' dir='ltr'><strong>Datur</strong></span> <span class='ocrx_word' id='word_1_201' title='bbox 778 2567 897 2615; x_wconf 88' lang='lat' dir='ltr'><strong>ergo</strong></span> <span class='ocrx_word' id='word_1_202' title='bbox 921 2552 1129 2614; x_wconf 88' lang='lat' dir='ltr'><strong>septima</strong></span> <span class='ocrx_word' id='word_1_203' title='bbox 1161 2566 1275 2614; x_wconf 88' lang='lat' dir='ltr'><strong>pars</strong></span> <span class='ocrx_word' id='word_1_204' title='bbox 1300 2549 1452 2597; x_wconf 91' lang='lat' dir='ltr'><strong>totius</strong></span> <span class='ocrx_word' id='word_1_205' title='bbox 1482 2563 1570 2612; x_wconf 91' lang='lat' dir='ltr'><strong>pe-</strong></span> 
     </span>
     <span class='ocr_line' id='line_1_32' title="bbox 163 2622 1571 2691; baseline -0.003 -17"><span class='ocrx_word' id='word_1_206' title='bbox 163 2626 375 2675; x_wconf 74' lang='lat' dir='ltr'><strong>·rimetri.</strong></span> <span class='ocrx_word' id='word_1_207' title='bbox 444 2627 604 2676; x_wconf 88' lang='lat' dir='ltr'><strong>Datur</strong></span> <span class='ocrx_word' id='word_1_208' title='bbox 625 2643 744 2691; x_wconf 88' lang='lat' dir='ltr'><strong>ergo</strong></span> <span class='ocrx_word' id='word_1_209' title='bbox 779 2635 829 2675; x_wconf 93' lang='lat' dir='ltr'><strong>et</strong></span> <span class='ocrx_word' id='word_1_210' title='bbox 865 2626 994 2674; x_wconf 87' lang='lat' dir='ltr'><strong>latus</strong></span> <span class='ocrx_word' id='word_1_211' title='bbox 1030 2625 1297 2690; x_wconf 86' lang='lat' dir='ltr'><strong>heptagoni</strong></span> <span class='ocrx_word' id='word_1_212' title='bbox 1335 2622 1571 2687; x_wconf 87' lang='lat' dir='ltr'><strong>descripti</strong></span> 
     </span>
     <span class='ocr_line' id='line_1_33' title="bbox 166 2700 1025 2767; baseline 0.001 -17"><span class='ocrx_word' id='word_1_213' title='bbox 166 2702 219 2750; x_wconf 88' lang='lat' dir='ltr'><strong>in</strong></span> <span class='ocrx_word' id='word_1_214' title='bbox 245 2702 447 2762; x_wconf 88' lang='lat' dir='ltr'><strong>circu10,</strong></span> <span class='ocrx_word' id='word_1_215' title='bbox 472 2704 612 2767; x_wconf 88' lang='lat' dir='ltr'><strong>cujus</strong></span> <span class='ocrx_word' id='word_1_216' title='bbox 635 2703 801 2751; x_wconf 84' lang='lat' dir='ltr'><strong>radius</strong></span> <span class='ocrx_word' id='word_1_217' title='bbox 820 2710 894 2751; x_wconf 89' lang='lat' dir='ltr'><strong>est</strong></span> <span class='ocrx_word' id='word_1_218' title='bbox 917 2700 1025 2750; x_wconf 89' lang='lat' dir='ltr'><strong>AB.</strong></span> 
     </span>
    </p>

    <p class='ocr_par' dir='ltr' id='par_1_16' title="bbox 163 2774 1568 2990">
     <span class='ocr_line' id='line_1_34' title="bbox 236 2774 1568 2841; baseline -0.004 -16"><span class='ocrx_word' id='word_1_219' title='bbox 236 2777 408 2840; x_wconf 88' lang='lat' dir='ltr'><strong>Itaque</strong></span> <span class='ocrx_word' id='word_1_220' title='bbox 430 2786 616 2841; x_wconf 82' lang='lat' dir='ltr'><strong>quartae</strong></span> <span class='ocrx_word' id='word_1_221' title='bbox 642 2778 813 2841; x_wconf 88' lang='lat' dir='ltr'><strong>partis,</strong></span> <span class='ocrx_word' id='word_1_222' title='bbox 838 2785 986 2840; x_wconf 87' lang='lat' dir='ltr'><strong>atque</strong></span> <span class='ocrx_word' id='word_1_223' title='bbox 1010 2775 1133 2824; x_wconf 89' lang='lat' dir='ltr'><strong>adeo</strong></span> <span class='ocrx_word' id='word_1_224' title='bbox 1169 2774 1322 2823; x_wconf 88' lang='lat' dir='ltr'><strong>totius</strong></span> <span class='ocrx_word' id='word_1_225' title='bbox 1356 2774 1568 2837; x_wconf 89' lang='lat' dir='ltr'><strong>perime-</strong></span> 
     </span>
     <span class='ocr_line' id='line_1_35' title="bbox 163 2850 1567 2915; baseline -0.003 -16"><span class='ocrx_word' id='word_1_226' title='bbox 163 2852 249 2910; x_wconf 84' lang='lat' dir='ltr'><strong>tri,</strong></span> <span class='ocrx_word' id='word_1_227' title='bbox 263 2852 625 2915; x_wconf 87' lang='lat' dir='ltr'><strong>longitudinem</strong></span> <span class='ocrx_word' id='word_1_228' title='bbox 641 2852 1062 2901; x_wconf 88' lang='lat' dir='ltr'><strong>demonstratione</strong></span> <span class='ocrx_word' id='word_1_229' title='bbox 1075 2850 1168 2898; x_wconf 87' lang='lat' dir='ltr'><strong>hae</strong></span> <span class='ocrx_word' id='word_1_230' title='bbox 1186 2850 1341 2897; x_wconf 86' lang='lat' dir='ltr'><strong>altera</strong></span> <span class='ocrx_word' id='word_1_231' title='bbox 1354 2851 1567 2910; x_wconf 83' lang='lat' dir='ltr'><strong>(sumpta</strong></span> 
     </span>
     <span class='ocr_line' id='line_1_36' title="bbox 169 2921 1568 2990; baseline -0.004 -15"><span class='ocrx_word' id='word_1_232' title='bbox 169 2943 228 2975; x_wconf 77' lang='lat' dir='ltr'><strong>ex</strong></span> <span class='ocrx_word' id='word_1_233' title='bbox 247 2942 352 2990; x_wconf 82' lang='lat' dir='ltr'><strong>cap.</strong></span> <span class='ocrx_word' id='word_1_234' title='bbox 367 2942 430 2974; x_wconf 83' lang='lat' dir='ltr'><strong>xx</strong></span> <span class='ocrx_word' id='word_1_235' title='bbox 455 2926 567 2974; x_wconf 88' lang='lat' dir='ltr'><strong>libri</strong></span> <span class='ocrx_word' id='word_1_236' title='bbox 588 2927 830 2975; x_wconf 89' lang='lat' dir='ltr'><strong>Hobbesii</strong></span> <span class='ocrx_word' id='word_1_237' title='bbox 855 2926 938 2974; x_wconf 91' lang='lat' dir='ltr'><strong>De</strong></span> <span class='ocrx_word' id='word_1_238' title='bbox 964 2924 1236 2988; x_wconf 75' lang='lat' dir='ltr'><strong>Principiis</strong></span> <span class='ocrx_word' id='word_1_239' title='bbox 1265 2921 1568 2972; x_wconf 83' lang='lat' dir='ltr'><strong>Geometrioe</strong></span> 
     </span>
    </p>
   </div>
  </div>
 </body>
</html>
