1982 3204
133 578 243 604 PROP.
265 580 365 606 XXII.

157 626 346 647 »ῳ

405 276 468 328 78
615 290 912 324 DOCTRINAE
939 288 1303 322 WALLISIANAE
1330 288 1401 322 DE
1430 290 1586 325 MOTU

844 481 1177 516 PROPOSI'I'IO
1212 482 1358 516 XXII.

469 566 533 616 In
569 569 820 633 quibusvis
852 569 1056 616 motibus
1098 567 1300 615 invicem
1341 568 1664 631 comparatis,
1704 586 1803 616 mo-

403 651 563 692 menta
586 652 698 692 sunt
722 643 1081 709 impedimentis
1090 643 1518 708 proportionalia.

471 719 583 767 Hoe
617 729 706 777 est,
731 727 980 767 momenta
1001 718 1280 782 ponderum
1313 719 1575 767 momentis
1607 725 1802 767 contra-

401 796 780 859 ponderantium
821 803 935 843 sunt
971 795 1391 858 proportionalia:
1431 803 1481 842 et
1506 811 1676 842 verum
1709 803 1800 854 est,

404 879 455 919 et
486 872 686 919 clarum.
757 871 832 918 De
862 870 1223 934 impedimentis
1248 872 1510 919 obscurum
1541 877 1632 918 est.
1702 870 1800 918 Im-

402 947 684 1010 pedimenta
707 947 835 994 enim
859 963 946 994 sua
967 955 1146 994 natura
1179 954 1498 1005 momentum,
1524 947 1576 994 in
1607 954 1799 1010 partem

400 1023 715 1081 contrariam,
739 1023 928 1070 nullum
951 1023 1151 1070 habent.

830 1195 1164 1230 PROPOSITIO
1188 1195 1363 1230 XXIII.

467 1283 529 1330 In
554 1282 862 1347 comparatis
886 1281 1109 1340 motibus,
1125 1281 1172 1329 si
1195 1281 1431 1329 lationnm
1455 1287 1677 1346 tempora
1694 1281 1797 1330 sint

398 1358 628 1422 (equalia,
646 1357 953 1405 celeritatam
973 1356 1173 1422 gradus
1195 1363 1308 1404 sant
1334 1357 1611 1406 transactis
1634 1356 1795 1423 longi-

399 1433 650 1482 tudinibus
668 1432 1088 1501 proportionales.

833 1591 1167 1625 PROPOSITIO
1193 1591 1357 1625 XXIV.

462 1676 523 1724 In
548 1678 856 1742 comparatis
890 1677 1116 1736 motibus,
1143 1677 1189 1725 si
1218 1684 1488 1725 transactoe
1521 1677 1793 1742 longitndi-

393 1768 479 1799 nes
502 1753 603 1800 sint
635 1753 864 1817 aequales,
890 1753 1197 1801 celeritatnm
1228 1754 1428 1818 gradus
1459 1760 1571 1802 sunt
1607 1759 1792 1818 tempo-

394 1828 533 1876 ribus
556 1830 813 1894 reciproce
830 1829 1250 1895 proportionales.

838 1985 945 2018 PRO
954 1984 1175 2018 POSITIO
1203 1985 1341 2018 XXV.

463 2064 871 2129 Comparatorum
903 2071 1110 2113 motuum
1144 2063 1447 2121 celeritates,
1472 2069 1588 2110 sant
1622 2062 1674 2110 in
1704 2078 1791 2110 ra·

392 2141 521 2189 tione
545 2158 607 2188 ex
632 2141 825 2189 directa
849 2140 1212 2206 longitudinum
1235 2147 1286 2188 et
1315 2139 1582 2204 reciproca
1606 2145 1791 2203 tempo-

390 2232 496 2264 ram
519 2216 793 2265 rationibus
818 2215 1102 2282 composita.

822 2366 1154 2402 PROPOSITIO
1191 2365 1354 2399 XXVI.

458 2442 522 2490 In
545 2445 849 2508 comparatis
883 2444 1106 2504 motibus,
1131 2443 1177 2492 si
1209 2448 1477 2492 transacta?
1513 2441 1789 2508 longitndi-

390 2534 477 2565 nes
523 2518 623 2567 sint
675 2520 975 2586 temporibus
1019 2517 1448 2586 proportionales,
1499 2517 1787 2567 celeritates

389 2599 503 2640 sunt
520 2594 733 2657 (equales
751 2614 761 2642 ε
787 2603 839 2644 et
861 2603 1051 2645 contra.

455 2668 597 2716 Verae
630 2671 826 2733 quidem
858 2680 989 2730 sunt,
1026 2687 1127 2720 non
1158 2679 1324 2720 autem
1362 2670 1423 2718 ab
1460 2669 1545 2718 illo
1583 2668 1786 2717 demon-

390 2750 582 2791 stratae:
608 2745 692 2792 sed
712 2746 1037 2796 demonstrari
1061 2762 1203 2811 posse
1227 2745 1391 2795 innuit
1413 2761 1474 2793 ex
1498 2745 1786 2793 definitione

389 2818 683 2868 celeritatis.
754 2822 853 2870 Cur
877 2839 995 2886 ergo
1020 2822 1128 2871 illas
1153 2837 1254 2870 non
1277 2827 1551 2884 sumpserat
1574 2827 1629 2868 ut
1653 2819 1784 2868 axio-

389 2903 534 2954 mata,
561 2895 722 2944 eitatis
740 2898 1026 2947 authoribus
1051 2898 1136 2962 qui
1156 2897 1262 2946 illas
1286 2894 1781 2946 demonstraverant?
