<?xml version="1.0" encoding="UTF-8"?>
<!DOCTYPE html PUBLIC "-//W3C//DTD XHTML 1.0 Transitional//EN"
    "http://www.w3.org/TR/xhtml1/DTD/xhtml1-transitional.dtd">
<html xmlns="http://www.w3.org/1999/xhtml" xml:lang="en" lang="en">
 <head>
  <title>
</title>
<meta http-equiv="Content-Type" content="text/html;charset=utf-8" />
  <meta name='ocr-system' content='tesseract 3.04.00' />
  <meta name='ocr-capabilities' content='ocr_page ocr_carea ocr_par ocr_line ocrx_word'/>
</head>
<body>
  <div class='ocr_page' id='page_1' title='image "./operaphilosophic05hobbuoft/operaphilosophic05hobbuoft_0169.png"; bbox 0 0 1982 3204; ppageno 0'>
   <div class='ocr_carea' id='block_1_1' title="bbox 452 281 1531 332">
    <p class='ocr_par' dir='ltr' id='par_1_1' title="bbox 452 281 1531 332">
     <span class='ocr_line' id='line_1_1' title="bbox 452 281 1531 332; baseline -0.001 -6"><span class='ocrx_word' id='word_1_1' title='bbox 452 292 703 332; x_wconf 74' lang='lat' dir='ltr'>ALIQUOT</span> <span class='ocrx_word' id='word_1_2' title='bbox 729 292 1231 327; x_wconf 52' lang='lat' dir='ltr'>exosimi-maante.</span> <span class='ocrx_word' id='word_1_3' title='bbox 1448 281 1531 325; x_wconf 87' lang='grc'>161</span> 
     </span>
    </p>
   </div>
   <div class='ocr_carea' id='block_1_2' title="bbox 149 400 1546 1369">
    <p class='ocr_par' dir='ltr' id='par_1_2' title="bbox 149 400 1539 604">
     <span class='ocr_line' id='line_1_2' title="bbox 149 400 1539 469; baseline -0.004 -15"><span class='ocrx_word' id='word_1_4' title='bbox 149 418 264 454; x_wconf 84' lang='lat' dir='ltr'>nem</span> <span class='ocrx_word' id='word_1_5' title='bbox 287 406 557 469; x_wconf 86' lang='lat' dir='ltr'>majorem:</span> <span class='ocrx_word' id='word_1_6' title='bbox 592 412 642 453; x_wconf 90' lang='lat' dir='ltr'>et</span> <span class='ocrx_word' id='word_1_7' title='bbox 674 414 857 468; x_wconf 84' lang='lat' dir='ltr'>quanto</span> <span class='ocrx_word' id='word_1_8' title='bbox 890 402 1101 451; x_wconf 84' lang='lat' dir='ltr'>maxima</span> <span class='ocrx_word' id='word_1_9' title='bbox 1133 400 1420 464; x_wconf 87' lang='lat' dir='ltr'>magnitudo</span> <span class='ocrx_word' id='word_1_10' title='bbox 1448 402 1539 448; x_wconf 89' lang='lat' dir='ltr'>mi-</span> 
     </span>
     <span class='ocr_line' id='line_1_3' title="bbox 149 476 1538 544; baseline -0.005 -15"><span class='ocrx_word' id='word_1_11' title='bbox 149 494 322 529; x_wconf 83' lang='lat' dir='ltr'>norem</span> <span class='ocrx_word' id='word_1_12' title='bbox 336 481 493 544; x_wconf 88' lang='lat' dir='ltr'>magis</span> <span class='ocrx_word' id='word_1_13' title='bbox 507 487 721 544; x_wconf 87' lang='lat' dir='ltr'>superat,</span> <span class='ocrx_word' id='word_1_14' title='bbox 742 486 881 528; x_wconf 86' lang='lat' dir='ltr'>tanto</span> <span class='ocrx_word' id='word_1_15' title='bbox 901 478 1049 526; x_wconf 83' lang='lat' dir='ltr'>etiam</span> <span class='ocrx_word' id='word_1_16' title='bbox 1067 476 1131 524; x_wconf 90' lang='lat' dir='ltr'>ad</span> <span class='ocrx_word' id='word_1_17' title='bbox 1154 476 1285 523; x_wconf 86' lang='lat' dir='ltr'>illam</span> <span class='ocrx_word' id='word_1_18' title='bbox 1305 478 1538 539; x_wconf 85' lang='lat' dir='ltr'>majorem</span> 
     </span>
     <span class='ocr_line' id='line_1_4' title="bbox 149 554 580 604; baseline -0.002 0"><span class='ocrx_word' id='word_1_19' title='bbox 149 554 299 604; x_wconf 87' lang='lat' dir='ltr'>habet</span> <span class='ocrx_word' id='word_1_20' title='bbox 323 555 580 603; x_wconf 85' lang='lat' dir='ltr'>rationem.</span> 
     </span>
    </p>

    <p class='ocr_par' dir='ltr' id='par_1_3' title="bbox 150 625 1543 1071">
     <span class='ocr_line' id='line_1_5' title="bbox 219 625 1542 688; baseline -0.005 -9"><span class='ocrx_word' id='word_1_21' title='bbox 219 645 306 679; x_wconf 87' lang='lat'>111.</span> <span class='ocrx_word' id='word_1_22' title='bbox 343 630 469 679; x_wconf 88' lang='lat' dir='ltr'>Sunt</span> <span class='ocrx_word' id='word_1_23' title='bbox 498 637 662 678; x_wconf 89' lang='lat' dir='ltr'>autem</span> <span class='ocrx_word' id='word_1_24' title='bbox 696 628 912 676; x_wconf 87' lang='lat' dir='ltr'>rationes</span> <span class='ocrx_word' id='word_1_25' title='bbox 946 626 1147 675; x_wconf 91' lang='lat' dir='ltr'>minoris</span> <span class='ocrx_word' id='word_1_26' title='bbox 1182 625 1246 673; x_wconf 90' lang='lat' dir='ltr'>ad</span> <span class='ocrx_word' id='word_1_27' title='bbox 1282 626 1454 688; x_wconf 86' lang='lat' dir='ltr'>majus,</span> <span class='ocrx_word' id='word_1_28' title='bbox 1489 634 1542 673; x_wconf 89' lang='lat' dir='ltr'>et</span> 
     </span>
     <span class='ocr_line' id='line_1_6' title="bbox 150 700 1540 770; baseline -0.005 -16"><span class='ocrx_word' id='word_1_29' title='bbox 150 705 350 770; x_wconf 79' lang='lat' dir='ltr'>maJoris</span> <span class='ocrx_word' id='word_1_30' title='bbox 371 704 436 753; x_wconf 88' lang='lat' dir='ltr'>ad</span> <span class='ocrx_word' id='word_1_31' title='bbox 466 705 641 761; x_wconf 91' lang='lat' dir='ltr'>minus,</span> <span class='ocrx_word' id='word_1_32' title='bbox 665 703 857 751; x_wconf 86' lang='lat' dir='ltr'>diversa</span> <span class='ocrx_word' id='word_1_33' title='bbox 889 718 1071 766; x_wconf 86' lang='lat' dir='ltr'>genera</span> <span class='ocrx_word' id='word_1_34' title='bbox 1096 700 1399 764; x_wconf 83' lang='lat' dir='ltr'>quantitatiS‚</span> <span class='ocrx_word' id='word_1_35' title='bbox 1424 717 1540 764; x_wconf 91' lang='lat' dir='ltr'>qua-</span> 
     </span>
     <span class='ocr_line' id='line_1_7' title="bbox 151 777 1540 840; baseline -0.006 -10"><span class='ocrx_word' id='word_1_36' title='bbox 151 796 262 830; x_wconf 90' lang='lat' dir='ltr'>rum</span> <span class='ocrx_word' id='word_1_37' title='bbox 285 780 440 829; x_wconf 87' lang='lat' dir='ltr'>altera</span> <span class='ocrx_word' id='word_1_38' title='bbox 462 788 535 828; x_wconf 88' lang='lat' dir='ltr'>est</span> <span class='ocrx_word' id='word_1_39' title='bbox 558 780 685 827; x_wconf 85' lang='lat' dir='ltr'>ratio</span> <span class='ocrx_word' id='word_1_40' title='bbox 709 778 943 835; x_wconf 88' lang='lat' dir='ltr'>defectus,</span> <span class='ocrx_word' id='word_1_41' title='bbox 968 777 1124 825; x_wconf 87' lang='lat' dir='ltr'>altera</span> <span class='ocrx_word' id='word_1_42' title='bbox 1146 791 1393 824; x_wconf 87' lang='lat' dir='ltr'>excessus:</span> <span class='ocrx_word' id='word_1_43' title='bbox 1424 793 1540 840; x_wconf 90' lang='lat' dir='ltr'>quo·</span> 
     </span>
     <span class='ocr_line' id='line_1_8' title="bbox 151 852 1542 920; baseline -0.002 -15"><span class='ocrx_word' id='word_1_44' title='bbox 151 857 295 905; x_wconf 73' lang='lat' dir='ltr'>rum*</span> <span class='ocrx_word' id='word_1_45' title='bbox 311 856 445 920; x_wconf 90' lang='lat' dir='ltr'>prior</span> <span class='ocrx_word' id='word_1_46' title='bbox 462 862 644 918; x_wconf 88' lang='lat' dir='ltr'>quanto</span> <span class='ocrx_word' id='word_1_47' title='bbox 654 854 808 916; x_wconf 87' lang='lat' dir='ltr'>magis</span> <span class='ocrx_word' id='word_1_48' title='bbox 822 852 1190 916; x_wconf 89' lang='lat' dir='ltr'>multiplicatur,</span> <span class='ocrx_word' id='word_1_49' title='bbox 1199 859 1337 900; x_wconf 88' lang='lat' dir='ltr'>tanto</span> <span class='ocrx_word' id='word_1_50' title='bbox 1352 855 1542 914; x_wconf 57' lang='lat' dir='ltr'>semp&amp;</span> 
     </span>
     <span class='ocr_line' id='line_1_9' title="bbox 152 929 1543 992; baseline -0.004 -12"><span class='ocrx_word' id='word_1_51' title='bbox 152 931 212 980; x_wconf 80' lang='lat' dir='ltr'>fit</span> <span class='ocrx_word' id='word_1_52' title='bbox 244 930 464 980; x_wconf 83' lang='lat' dir='ltr'>defectus</span> <span class='ocrx_word' id='word_1_53' title='bbox 498 930 675 987; x_wconf 89' lang='lat' dir='ltr'>minor,</span> <span class='ocrx_word' id='word_1_54' title='bbox 700 945 860 992; x_wconf 90' lang='lat' dir='ltr'>neque</span> <span class='ocrx_word' id='word_1_55' title='bbox 895 945 1014 992; x_wconf 86' lang='lat' dir='ltr'>ergo</span> <span class='ocrx_word' id='word_1_56' title='bbox 1049 929 1289 976; x_wconf 89' lang='lat' dir='ltr'>rationem</span> <span class='ocrx_word' id='word_1_57' title='bbox 1318 943 1543 975; x_wconf 89' lang='lat' dir='ltr'>excessus</span> 
     </span>
     <span class='ocr_line' id='line_1_10' title="bbox 151 1003 1130 1071; baseline -0.006 -15"><span class='ocrx_word' id='word_1_58' title='bbox 151 1022 366 1071; x_wconf 89' lang='lat' dir='ltr'>unquam</span> <span class='ocrx_word' id='word_1_59' title='bbox 389 1012 587 1069; x_wconf 88' lang='lat' dir='ltr'>superat</span> <span class='ocrx_word' id='word_1_60' title='bbox 611 1012 695 1052; x_wconf 87' lang='lat' dir='ltr'>aut</span> <span class='ocrx_word' id='word_1_61' title='bbox 719 1020 912 1067; x_wconf 86' lang='lat' dir='ltr'>aequare</span> <span class='ocrx_word' id='word_1_62' title='bbox 934 1003 1130 1067; x_wconf 87' lang='lat' dir='ltr'>poterit.</span> 
     </span>
    </p>

    <p class='ocr_par' dir='ltr' id='par_1_4' title="bbox 153 1078 1546 1369">
     <span class='ocr_line' id='line_1_11' title="bbox 220 1078 1543 1143; baseline -0.005 -13"><span class='ocrx_word' id='word_1_63' title='bbox 220 1097 297 1131; x_wconf 78' lang='lat' dir='ltr'>lv.</span> <span class='ocrx_word' id='word_1_64' title='bbox 315 1080 513 1130; x_wconf 87' lang='lat' dir='ltr'>Eaedem</span> <span class='ocrx_word' id='word_1_65' title='bbox 529 1081 631 1128; x_wconf 90' lang='lat' dir='ltr'>sive</span> <span class='ocrx_word' id='word_1_66' title='bbox 646 1079 826 1127; x_wconf 88' lang='lat' dir='ltr'><strong>similes</strong></span> <span class='ocrx_word' id='word_1_67' title='bbox 841 1080 942 1127; x_wconf 81' lang='lat' dir='ltr'>sive</span> <span class='ocrx_word' id='word_1_68' title='bbox 960 1095 1030 1143; x_wconf 86' lang='lat' dir='ltr'>aeq</span> <span class='ocrx_word' id='word_1_69' title='bbox 1038 1078 1171 1127; x_wconf 87' lang='lat' dir='ltr'>uales</span> <span class='ocrx_word' id='word_1_70' title='bbox 1185 1078 1399 1126; x_wconf 88' lang='lat' dir='ltr'>rationes</span> <span class='ocrx_word' id='word_1_71' title='bbox 1413 1083 1543 1134; x_wconf 89' lang='lat' dir='ltr'>sunt,</span> 
     </span>
     <span class='ocr_line' id='line_1_12' title="bbox 153 1151 1544 1219; baseline -0.005 -13"><span class='ocrx_word' id='word_1_72' title='bbox 153 1157 207 1206; x_wconf 86' lang='lat' dir='ltr'>in</span> <span class='ocrx_word' id='word_1_73' title='bbox 226 1156 443 1206; x_wconf 87' lang='lat' dir='ltr'>numeris</span> <span class='ocrx_word' id='word_1_74' title='bbox 467 1154 663 1219; x_wconf 92' lang='lat' dir='ltr'>quidem</span> <span class='ocrx_word' id='word_1_75' title='bbox 682 1154 878 1219; x_wconf 91' lang='lat' dir='ltr'>quando</span> <span class='ocrx_word' id='word_1_76' title='bbox 902 1163 1019 1202; x_wconf 90' lang='lat' dir='ltr'>sunt</span> <span class='ocrx_word' id='word_1_77' title='bbox 1043 1153 1361 1218; x_wconf 86' lang='lat' dir='ltr'>cognomines</span> <span class='ocrx_word' id='word_1_78' title='bbox 1378 1152 1458 1200; x_wconf 87' lang='lat' dir='ltr'>vel</span> <span class='ocrx_word' id='word_1_79' title='bbox 1480 1151 1544 1199; x_wconf 93' lang='lat' dir='ltr'>ad</span> 
     </span>
     <span class='ocr_line' id='line_1_13' title="bbox 153 1228 1546 1296; baseline -0.004 -16"><span class='ocrx_word' id='word_1_80' title='bbox 153 1231 470 1296; x_wconf 84' lang='lat' dir='ltr'>cognomines</span> <span class='ocrx_word' id='word_1_81' title='bbox 504 1230 673 1279; x_wconf 83' lang='lat' dir='ltr'><strong>reduci</strong></span> <span class='ocrx_word' id='word_1_82' title='bbox 707 1238 940 1294; x_wconf 85' lang='lat' dir='ltr'>possunt:</span> <span class='ocrx_word' id='word_1_83' title='bbox 974 1238 1030 1278; x_wconf 93' lang='lat' dir='ltr'>ut</span> <span class='ocrx_word' id='word_1_84' title='bbox 1066 1230 1107 1277; x_wconf 90' lang='lat' dir='ltr'>si</span> <span class='ocrx_word' id='word_1_85' title='bbox 1140 1237 1248 1277; x_wconf 80' lang='lat' dir='ltr'>tum</span> <span class='ocrx_word' id='word_1_86' title='bbox 1281 1228 1440 1292; x_wconf 88' lang='lat' dir='ltr'>prima</span> <span class='ocrx_word' id='word_1_87' title='bbox 1470 1243 1546 1274; x_wconf 84' lang='lat' dir='ltr'>se-</span> 
     </span>
     <span class='ocr_line' id='line_1_14' title="bbox 153 1303 1545 1369; baseline -0.004 -14"><span class='ocrx_word' id='word_1_88' title='bbox 153 1306 344 1365; x_wconf 70' lang='lat' dir='ltr'>cundae,</span> <span class='ocrx_word' id='word_1_89' title='bbox 378 1314 484 1355; x_wconf 90' lang='lat' dir='ltr'>tum</span> <span class='ocrx_word' id='word_1_90' title='bbox 517 1307 664 1354; x_wconf 89' lang='lat' dir='ltr'>tertia</span> <span class='ocrx_word' id='word_1_91' title='bbox 698 1314 886 1369; x_wconf 86' lang='lat' dir='ltr'>quartae</span> <span class='ocrx_word' id='word_1_92' title='bbox 922 1305 985 1353; x_wconf 90' lang='lat' dir='ltr'>sit</span> <span class='ocrx_word' id='word_1_93' title='bbox 1003 1303 1047 1365; x_wconf 69' lang='grc' dir='ltr'>-ζ</span> <span class='ocrx_word' id='word_1_94' title='bbox 1071 1304 1150 1352; x_wconf 85' lang='lat' dir='ltr'>vel</span> <span class='ocrx_word' id='word_1_95' title='bbox 1180 1304 1236 1364; x_wconf 73' lang='lat'>-2-.</span> <span class='ocrx_word' id='word_1_96' title='bbox 1306 1303 1404 1352; x_wconf 92' lang='lat' dir='ltr'>Ubi</span> <span class='ocrx_word' id='word_1_97' title='bbox 1427 1319 1545 1350; x_wconf 84' lang='lat' dir='ltr'>vero</span> 
     </span>
    </p>
   </div>
   <div class='ocr_carea' id='block_1_3' title="bbox 152 1379 1569 1445">
    <p class='ocr_par' dir='ltr' id='par_1_5' title="bbox 152 1379 1569 1445">
     <span class='ocr_line' id='line_1_15' title="bbox 152 1379 1569 1445; baseline -0.003 -15"><span class='ocrx_word' id='word_1_98' title='bbox 152 1381 370 1431; x_wconf 85' lang='lat' dir='ltr'>rationes</span> <span class='ocrx_word' id='word_1_99' title='bbox 388 1381 605 1429; x_wconf 87' lang='lat' dir='ltr'>effabiles</span> <span class='ocrx_word' id='word_1_100' title='bbox 627 1397 716 1445; x_wconf 91' lang='lat' dir='ltr'>per</span> <span class='ocrx_word' id='word_1_101' title='bbox 733 1396 963 1428; x_wconf 90' lang='lat' dir='ltr'>numeros</span> <span class='ocrx_word' id='word_1_102' title='bbox 986 1396 1087 1428; x_wconf 93' lang='lat' dir='ltr'>non</span> <span class='ocrx_word' id='word_1_103' title='bbox 1113 1387 1243 1438; x_wconf 92' lang='lat' dir='ltr'>sunt,</span> <span class='ocrx_word' id='word_1_104' title='bbox 1262 1386 1368 1427; x_wconf 92' lang='lat' dir='ltr'>tum</span> <span class='ocrx_word' id='word_1_105' title='bbox 1386 1379 1545 1442; x_wconf 89' lang='lat' dir='ltr'>prima</span> <span class='ocrx_word' id='word_1_106' title='bbox 1559 1398 1569 1401; x_wconf 48' lang='lat'><em>⁷</em></span> 
     </span>
    </p>
   </div>
   <div class='ocr_carea' id='block_1_4' title="bbox 155 1455 1556 2804">
    <p class='ocr_par' dir='ltr' id='par_1_6' title="bbox 155 1455 1547 1747">
     <span class='ocr_line' id='line_1_16' title="bbox 156 1455 1544 1520; baseline -0.004 -14"><span class='ocrx_word' id='word_1_107' title='bbox 156 1457 401 1515; x_wconf 69' lang='lat' dir='ltr'>secundae,</span> <span class='ocrx_word' id='word_1_108' title='bbox 425 1465 530 1505; x_wconf 90' lang='lat' dir='ltr'>tum</span> <span class='ocrx_word' id='word_1_109' title='bbox 557 1457 705 1505; x_wconf 87' lang='lat' dir='ltr'>tertia</span> <span class='ocrx_word' id='word_1_110' title='bbox 727 1464 914 1520; x_wconf 88' lang='lat' dir='ltr'>quartae</span> <span class='ocrx_word' id='word_1_111' title='bbox 938 1465 1054 1503; x_wconf 91' lang='lat' dir='ltr'>sunt</span> <span class='ocrx_word' id='word_1_112' title='bbox 1076 1455 1234 1503; x_wconf 88' lang='lat' dir='ltr'>latera</span> <span class='ocrx_word' id='word_1_113' title='bbox 1256 1470 1544 1518; x_wconf 90' lang='lat' dir='ltr'>correspon-</span> 
     </span>
     <span class='ocr_line' id='line_1_17' title="bbox 156 1532 1547 1596; baseline -0.003 -14"><span class='ocrx_word' id='word_1_114' title='bbox 156 1532 326 1582; x_wconf 90' lang='lat' dir='ltr'>dentia</span> <span class='ocrx_word' id='word_1_115' title='bbox 342 1532 698 1596; x_wconf 83' lang='lat' dir='ltr'>triangulorum</span> <span class='ocrx_word' id='word_1_116' title='bbox 713 1532 963 1580; x_wconf 87' lang='lat' dir='ltr'>similium:</span> <span class='ocrx_word' id='word_1_117' title='bbox 988 1538 1319 1594; x_wconf 84' lang='lat' dir='ltr'>vocanturque</span> <span class='ocrx_word' id='word_1_118' title='bbox 1341 1546 1547 1594; x_wconf 91' lang='lat' dir='ltr'>propor-</span> 
     </span>
     <span class='ocr_line' id='line_1_18' title="bbox 155 1607 1546 1672; baseline -0.002 -16"><span class='ocrx_word' id='word_1_119' title='bbox 155 1608 374 1668; x_wconf 84' lang='lat' dir='ltr'>tionalia,</span> <span class='ocrx_word' id='word_1_120' title='bbox 398 1608 539 1671; x_wconf 89' lang='lat' dir='ltr'>quasi</span> <span class='ocrx_word' id='word_1_121' title='bbox 575 1608 810 1656; x_wconf 87' lang='lat' dir='ltr'>habentia</span> <span class='ocrx_word' id='word_1_122' title='bbox 838 1607 1121 1672; x_wconf 79' lang='lat' dir='ltr'>portionem</span> <span class='ocrx_word' id='word_1_123' title='bbox 1151 1622 1256 1671; x_wconf 80' lang='lat' dir='ltr'>pro</span> <span class='ocrx_word' id='word_1_124' title='bbox 1281 1607 1515 1671; x_wconf 78' lang='lat' dir='ltr'>portione</span> <span class='ocrx_word' id='word_1_125' title='bbox 1528 1624 1546 1653; x_wconf 82' lang='lat'>.-</span> 
     </span>
     <span class='ocr_line' id='line_1_19' title="bbox 157 1682 1502 1747; baseline -0.003 -14"><span class='ocrx_word' id='word_1_126' title='bbox 157 1683 339 1733; x_wconf 84' lang='lat' dir='ltr'>Graecis</span> <span class='ocrx_word' id='word_1_127' title='bbox 360 1691 525 1732; x_wconf 89' lang='lat' dir='ltr'>autem</span> <span class='ocrx_word' id='word_1_128' title='bbox 548 1693 762 1742; x_wconf 63' lang='grc' dir='ltr'>ἀνάλογον,</span> <span class='ocrx_word' id='word_1_129' title='bbox 781 1684 919 1747; x_wconf 89' lang='lat' dir='ltr'>quasi</span> <span class='ocrx_word' id='word_1_130' title='bbox 943 1682 1072 1731; x_wconf 91' lang='lat' dir='ltr'>idem</span> <span class='ocrx_word' id='word_1_131' title='bbox 1096 1683 1275 1731; x_wconf 90' lang='lat' dir='ltr'>iterum</span> <span class='ocrx_word' id='word_1_132' title='bbox 1299 1682 1502 1729; x_wconf 90' lang='lat' dir='ltr'>dictum.</span> 
     </span>
    </p>

    <p class='ocr_par' dir='ltr' id='par_1_7' title="bbox 155 1759 1548 1969">
     <span class='ocr_line' id='line_1_20' title="bbox 223 1759 1548 1824; baseline -0.004 -16"><span class='ocrx_word' id='word_1_133' title='bbox 223 1774 275 1808; x_wconf 82' lang='lat' dir='ltr'>v.</span> <span class='ocrx_word' id='word_1_134' title='bbox 312 1759 557 1808; x_wconf 89' lang='lat' dir='ltr'>Continue</span> <span class='ocrx_word' id='word_1_135' title='bbox 596 1759 986 1824; x_wconf 86' lang='lat' dir='ltr'>proportionales</span> <span class='ocrx_word' id='word_1_136' title='bbox 1027 1767 1142 1807; x_wconf 90' lang='lat' dir='ltr'>sunt</span> <span class='ocrx_word' id='word_1_137' title='bbox 1182 1775 1309 1822; x_wconf 88' lang='lat' dir='ltr'>quae,</span> <span class='ocrx_word' id='word_1_138' title='bbox 1346 1772 1548 1821; x_wconf 91' lang='lat' dir='ltr'>propor-</span> 
     </span>
     <span class='ocr_line' id='line_1_21' title="bbox 155 1833 1547 1898; baseline -0.001 -16"><span class='ocrx_word' id='word_1_139' title='bbox 155 1833 361 1883; x_wconf 87' lang='lat' dir='ltr'>tionales</span> <span class='ocrx_word' id='word_1_140' title='bbox 377 1851 488 1883; x_wconf 89' lang='lat' dir='ltr'>cum</span> <span class='ocrx_word' id='word_1_141' title='bbox 503 1835 618 1894; x_wconf 90' lang='lat' dir='ltr'>sint,</span> <span class='ocrx_word' id='word_1_142' title='bbox 634 1835 818 1882; x_wconf 89' lang='lat' dir='ltr'>habent</span> <span class='ocrx_word' id='word_1_143' title='bbox 839 1833 1050 1882; x_wconf 89' lang='lat' dir='ltr'>mediam</span> <span class='ocrx_word' id='word_1_144' title='bbox 1068 1833 1395 1898; x_wconf 83' lang='lat' dir='ltr'>quantitatem</span> <span class='ocrx_word' id='word_1_145' title='bbox 1413 1848 1547 1881; x_wconf 90' lang='lat' dir='ltr'>com-</span> 
     </span>
     <span class='ocr_line' id='line_1_22' title="bbox 155 1912 655 1969; baseline -0.002 -11"><span class='ocrx_word' id='word_1_146' title='bbox 155 1925 369 1967; x_wconf 88' lang='lat' dir='ltr'>munem,</span> <span class='ocrx_word' id='word_1_147' title='bbox 393 1918 450 1958; x_wconf 91' lang='lat' dir='ltr'>ut</span> <span class='ocrx_word' id='word_1_148' title='bbox 479 1915 520 1969; x_wconf 94' lang='lat'>1,</span> <span class='ocrx_word' id='word_1_149' title='bbox 541 1916 590 1966; x_wconf 84' lang='lat'>2,</span> <span class='ocrx_word' id='word_1_150' title='bbox 609 1912 655 1957; x_wconf 87' lang='grc'>4.</span> 
     </span>
    </p>

    <p class='ocr_par' dir='ltr' id='par_1_8' title="bbox 157 1983 1548 2411">
     <span class='ocr_line' id='line_1_23' title="bbox 224 1983 1546 2049; baseline -0.003 -15"><span class='ocrx_word' id='word_1_151' title='bbox 224 2000 302 2034; x_wconf 78' lang='lat' dir='ltr'>vl.</span> <span class='ocrx_word' id='word_1_152' title='bbox 338 1985 543 2034; x_wconf 92' lang='lat' dir='ltr'>Numeri</span> <span class='ocrx_word' id='word_1_153' title='bbox 569 1984 797 2049; x_wconf 87' lang='lat' dir='ltr'>quadrati</span> <span class='ocrx_word' id='word_1_154' title='bbox 821 1984 962 2033; x_wconf 84' lang='lat' dir='ltr'>radix</span> <span class='ocrx_word' id='word_1_155' title='bbox 986 1990 1060 2032; x_wconf 87' lang='lat' dir='ltr'>est</span> <span class='ocrx_word' id='word_1_156' title='bbox 1083 1983 1164 2032; x_wconf 93' lang='lat' dir='ltr'>ille</span> <span class='ocrx_word' id='word_1_157' title='bbox 1186 1999 1437 2042; x_wconf 88' lang='lat' dir='ltr'>numerus,</span> <span class='ocrx_word' id='word_1_158' title='bbox 1462 1984 1546 2047; x_wconf 92' lang='lat' dir='ltr'>qui</span> 
     </span>
     <span class='ocr_line' id='line_1_24' title="bbox 157 2059 1546 2125; baseline -0.002 -16"><span class='ocrx_word' id='word_1_159' title='bbox 157 2060 508 2125; x_wconf 88' lang='lat' dir='ltr'>multiplicatus</span> <span class='ocrx_word' id='word_1_160' title='bbox 554 2061 606 2109; x_wconf 92' lang='lat' dir='ltr'>in</span> <span class='ocrx_word' id='word_1_161' title='bbox 651 2077 703 2109; x_wconf 90' lang='lat' dir='ltr'>se</span> <span class='ocrx_word' id='word_1_162' title='bbox 747 2076 1007 2109; x_wconf 89' lang='lat' dir='ltr'>numerum</span> <span class='ocrx_word' id='word_1_163' title='bbox 1048 2060 1261 2123; x_wconf 87' lang='lat' dir='ltr'>aliquem</span> <span class='ocrx_word' id='word_1_164' title='bbox 1299 2059 1546 2122; x_wconf 86' lang='lat' dir='ltr'>producit.</span> 
     </span>
     <span class='ocr_line' id='line_1_25' title="bbox 158 2134 1548 2198; baseline -0.004 -12"><span class='ocrx_word' id='word_1_165' title='bbox 158 2135 432 2186; x_wconf 87' lang='lat' dir='ltr'>Productus</span> <span class='ocrx_word' id='word_1_166' title='bbox 447 2143 613 2184; x_wconf 90' lang='lat' dir='ltr'>autem</span> <span class='ocrx_word' id='word_1_167' title='bbox 630 2153 864 2185; x_wconf 91' lang='lat' dir='ltr'>numerus</span> <span class='ocrx_word' id='word_1_168' title='bbox 877 2136 1058 2184; x_wconf 91' lang='lat' dir='ltr'>dicitur</span> <span class='ocrx_word' id='word_1_169' title='bbox 1072 2135 1354 2198; x_wconf 86' lang='lat' dir='ltr'>quadratus.</span> <span class='ocrx_word' id='word_1_170' title='bbox 1387 2134 1548 2182; x_wconf 82' lang='lat' dir='ltr'>Radix</span> 
     </span>
     <span class='ocr_line' id='line_1_26' title="bbox 158 2210 1548 2275; baseline -0.003 -15"><span class='ocrx_word' id='word_1_171' title='bbox 158 2220 327 2261; x_wconf 87' lang='lat' dir='ltr'>autem</span> <span class='ocrx_word' id='word_1_172' title='bbox 351 2212 427 2260; x_wconf 82' lang='lat' dir='ltr'>sui</span> <span class='ocrx_word' id='word_1_173' title='bbox 451 2211 678 2275; x_wconf 86' lang='lat' dir='ltr'>quadrati</span> <span class='ocrx_word' id='word_1_174' title='bbox 702 2228 892 2275; x_wconf 85' lang='lat' dir='ltr'>semper</span> <span class='ocrx_word' id='word_1_175' title='bbox 913 2227 1026 2275; x_wconf 89' lang='lat' dir='ltr'>pars</span> <span class='ocrx_word' id='word_1_176' title='bbox 1049 2219 1124 2259; x_wconf 88' lang='lat' dir='ltr'>est</span> <span class='ocrx_word' id='word_1_177' title='bbox 1154 2210 1393 2274; x_wconf 85' lang='lat' dir='ltr'>aliquota:</span> <span class='ocrx_word' id='word_1_178' title='bbox 1427 2219 1484 2258; x_wconf 91' lang='lat' dir='ltr'>ut</span> <span class='ocrx_word' id='word_1_179' title='bbox 1508 2211 1548 2257; x_wconf 89' lang='lat' dir='ltr'>si</span> 
     </span>
     <span class='ocr_line' id='line_1_27' title="bbox 158 2284 1548 2350; baseline -0.003 -15"><span class='ocrx_word' id='word_1_180' title='bbox 158 2285 299 2334; x_wconf 80' lang='lat' dir='ltr'>radix</span> <span class='ocrx_word' id='word_1_181' title='bbox 337 2286 403 2335; x_wconf 84' lang='lat' dir='ltr'>sit</span> <span class='ocrx_word' id='word_1_182' title='bbox 437 2291 486 2345; x_wconf 89' lang='lat'>8,</span> <span class='ocrx_word' id='word_1_183' title='bbox 512 2286 778 2350; x_wconf 86' lang='lat' dir='ltr'>quadratus</span> <span class='ocrx_word' id='word_1_184' title='bbox 812 2286 907 2335; x_wconf 92' lang='lat' dir='ltr'>erit</span> <span class='ocrx_word' id='word_1_185' title='bbox 942 2292 1023 2345; x_wconf 86' lang='lat'>64,</span> <span class='ocrx_word' id='word_1_186' title='bbox 1048 2292 1098 2334; x_wconf 91' lang='lat' dir='ltr'>et</span> <span class='ocrx_word' id='word_1_187' title='bbox 1127 2284 1266 2333; x_wconf 84' lang='lat' dir='ltr'>radix</span> <span class='ocrx_word' id='word_1_188' title='bbox 1293 2300 1408 2348; x_wconf 90' lang='lat' dir='ltr'>pars</span> <span class='ocrx_word' id='word_1_189' title='bbox 1443 2285 1548 2347; x_wconf 91' lang='lat' dir='ltr'>ejus</span> 
     </span>
     <span class='ocr_line' id='line_1_28' title="bbox 162 2368 353 2411; baseline 0.005 -1"><span class='ocrx_word' id='word_1_190' title='bbox 162 2368 353 2411; x_wconf 82' lang='lat' dir='ltr'>octava.</span> 
     </span>
    </p>

    <p class='ocr_par' dir='ltr' id='par_1_9' title="bbox 162 2436 1552 2728">
     <span class='ocr_line' id='line_1_29' title="bbox 227 2436 1550 2502; baseline -0.004 -15"><span class='ocrx_word' id='word_1_191' title='bbox 227 2452 331 2487; x_wconf 79' lang='lat' dir='ltr'>vn.</span> <span class='ocrx_word' id='word_1_192' title='bbox 365 2437 686 2486; x_wconf 84' lang='lat' dir='ltr'>Manifestum</span> <span class='ocrx_word' id='word_1_193' title='bbox 718 2454 836 2502; x_wconf 87' lang='lat' dir='ltr'>ergo</span> <span class='ocrx_word' id='word_1_194' title='bbox 867 2446 943 2486; x_wconf 89' lang='lat' dir='ltr'>est</span> <span class='ocrx_word' id='word_1_195' title='bbox 973 2436 1189 2485; x_wconf 89' lang='lat' dir='ltr'>radicem</span> <span class='ocrx_word' id='word_1_196' title='bbox 1220 2436 1411 2484; x_wconf 87' lang='lat' dir='ltr'>numeri</span> <span class='ocrx_word' id='word_1_197' title='bbox 1434 2451 1550 2498; x_wconf 88' lang='lat' dir='ltr'>qua-</span> 
     </span>
     <span class='ocr_line' id='line_1_30' title="bbox 162 2511 1552 2577; baseline -0.004 -15"><span class='ocrx_word' id='word_1_198' title='bbox 162 2511 290 2562; x_wconf 85' lang='lat' dir='ltr'>drati</span> <span class='ocrx_word' id='word_1_199' title='bbox 303 2529 403 2562; x_wconf 92' lang='lat' dir='ltr'>non</span> <span class='ocrx_word' id='word_1_200' title='bbox 422 2529 527 2562; x_wconf 89' lang='lat' dir='ltr'>esse</span> <span class='ocrx_word' id='word_1_201' title='bbox 541 2513 668 2562; x_wconf 86' lang='lat' dir='ltr'>latus</span> <span class='ocrx_word' id='word_1_202' title='bbox 686 2513 938 2577; x_wconf 86' lang='lat' dir='ltr'>quadratae</span> <span class='ocrx_word' id='word_1_203' title='bbox 954 2513 1147 2576; x_wconf 82' lang='lat' dir='ltr'>figurae:</span> <span class='ocrx_word' id='word_1_204' title='bbox 1163 2526 1444 2575; x_wconf 86' lang='lat' dir='ltr'>quanquam</span> <span class='ocrx_word' id='word_1_205' title='bbox 1459 2511 1552 2558; x_wconf 90' lang='lat' dir='ltr'>hoc</span> 
     </span>
     <span class='ocr_line' id='line_1_31' title="bbox 163 2586 1552 2652; baseline -0.004 -14"><span class='ocrx_word' id='word_1_206' title='bbox 163 2595 313 2652; x_wconf 86' lang='lat' dir='ltr'>neget</span> <span class='ocrx_word' id='word_1_207' title='bbox 332 2588 598 2647; x_wconf 81' lang='lat' dir='ltr'>Wallisius,</span> <span class='ocrx_word' id='word_1_208' title='bbox 622 2596 674 2637; x_wconf 89' lang='lat' dir='ltr'>et</span> <span class='ocrx_word' id='word_1_209' title='bbox 692 2588 859 2637; x_wconf 87' lang='lat' dir='ltr'>caeteri</span> <span class='ocrx_word' id='word_1_210' title='bbox 881 2587 1170 2652; x_wconf 84' lang='lat' dir='ltr'>algebristae,</span> <span class='ocrx_word' id='word_1_211' title='bbox 1195 2586 1278 2650; x_wconf 90' lang='lat' dir='ltr'>qui</span> <span class='ocrx_word' id='word_1_212' title='bbox 1295 2586 1552 2634; x_wconf 89' lang='lat' dir='ltr'>veritatem</span> 
     </span>
     <span class='ocr_line' id='line_1_32' title="bbox 163 2662 1240 2728; baseline -0.004 -16"><span class='ocrx_word' id='word_1_213' title='bbox 163 2677 298 2712; x_wconf 87' lang='lat' dir='ltr'>nunc</span> <span class='ocrx_word' id='word_1_214' title='bbox 319 2678 585 2727; x_wconf 84' lang='lat' dir='ltr'>agnoscere</span> <span class='ocrx_word' id='word_1_215' title='bbox 608 2664 742 2712; x_wconf 71' lang='lat' dir='ltr'>sive*</span> <span class='ocrx_word' id='word_1_216' title='bbox 765 2662 952 2728; x_wconf 89' lang='lat' dir='ltr'>pudore</span> <span class='ocrx_word' id='word_1_217' title='bbox 974 2669 1240 2725; x_wconf 90' lang='lat' dir='ltr'>nequeunt.</span> 
     </span>
    </p>

    <p class='ocr_par' dir='ltr' id='par_1_10' title="bbox 232 2736 1556 2804">
     <span class='ocr_line' id='line_1_33' title="bbox 232 2736 1556 2804; baseline -0.003 -18"><span class='ocrx_word' id='word_1_218' title='bbox 232 2752 358 2787; x_wconf 83' lang='lat' dir='ltr'>vul.</span> <span class='ocrx_word' id='word_1_219' title='bbox 381 2738 437 2787; x_wconf 92' lang='lat' dir='ltr'>Si</span> <span class='ocrx_word' id='word_1_220' title='bbox 457 2746 558 2788; x_wconf 84' lang='lat' dir='ltr'>tres</span> <span class='ocrx_word' id='word_1_221' title='bbox 585 2739 949 2804; x_wconf 87' lang='lat' dir='ltr'>magnitudines</span> <span class='ocrx_word' id='word_1_222' title='bbox 978 2738 1163 2786; x_wconf 84' lang='lat' dir='ltr'>fuerint</span> <span class='ocrx_word' id='word_1_223' title='bbox 1185 2736 1417 2785; x_wconf 90' lang='lat' dir='ltr'>continue</span> <span class='ocrx_word' id='word_1_224' title='bbox 1440 2750 1556 2798; x_wconf 93' lang='lat' dir='ltr'>pro-</span> 
     </span>
    </p>
   </div>
   <div class='ocr_carea' id='block_1_5' title="bbox 300 2901 1420 3012">
    <p class='ocr_par' dir='ltr' id='par_1_11' title="bbox 300 2901 1420 3012">
     <span class='ocr_line' id='line_1_34' title="bbox 708 2901 1076 2941; baseline -0.005 -1"><span class='ocrx_word' id='word_1_225' title='bbox 708 2903 731 2924; x_wconf 73' lang='lat'>⁸</span> <span class='ocrx_word' id='word_1_226' title='bbox 762 2901 827 2941; x_wconf 90' lang='lat' dir='ltr'>Sic</span> <span class='ocrx_word' id='word_1_227' title='bbox 845 2901 938 2940; x_wconf 76' lang='lat' dir='ltr'>edit.</span> <span class='ocrx_word' id='word_1_228' title='bbox 964 2901 1076 2939; x_wconf 73' lang='lat'><strong>1674.</strong></span> 
     </span>
     <span class='ocr_line' id='line_1_35' title="bbox 300 2975 1420 3012; baseline -0.004 -1"><span class='ocrx_word' id='word_1_229' title='bbox 300 2978 422 3011; x_wconf 80' lang='lat' dir='ltr'><strong>VOL.</strong></span> <span class='ocrx_word' id='word_1_230' title='bbox 451 2978 501 3012; x_wconf 87' lang='lat' dir='ltr'>V.</span> <span class='ocrx_word' id='word_1_231' title='bbox 1379 2975 1420 3007; x_wconf 77' lang='lat' dir='ltr'><strong>M</strong></span> 
     </span>
    </p>
   </div>
   <div class='ocr_carea' id='block_1_6' title="bbox 1592 419 1783 486">
    <p class='ocr_par' dir='ltr' id='par_1_12' title="bbox 1592 419 1783 486">
     <span class='ocr_line' id='line_1_36' title="bbox 1610 419 1766 446; baseline -0.006 0"><span class='ocrx_word' id='word_1_232' title='bbox 1610 420 1702 446; x_wconf 75' lang='lat' dir='ltr'><strong>CAP.</strong></span> <span class='ocrx_word' id='word_1_233' title='bbox 1723 419 1766 445; x_wconf 84' lang='grc'>11.</span> 
     </span>
     <span class='ocr_line' id='line_1_37' title="bbox 1592 463 1783 486; baseline -0.005 -5"><span class='ocrx_word' id='word_1_234' title='bbox 1592 463 1783 486; x_wconf 37' lang='grc' dir='ltr'>κ-ῌ</span> 
     </span>
    </p>
   </div>
   <div class='ocr_carea' id='block_1_7' title="bbox 1602 505 1779 533">
    <p class='ocr_par' dir='ltr' id='par_1_13' title="bbox 1602 505 1779 533">
     <span class='ocr_line' id='line_1_38' title="bbox 1602 505 1779 533; baseline -0.011 0"><span class='ocrx_word' id='word_1_235' title='bbox 1602 505 1779 533; x_wconf 65' lang='lat' dir='ltr'>nemnem</span> 
     </span>
    </p>
   </div>
  </div>
 </body>
</html>
