1982 3204
279 225 399 273 lxxii

325 341 354 373 si
369 351 515 374 summus
539 340 705 382 imperans
726 339 782 382 jus
804 338 966 382 privatum
981 349 1058 371 con-

325 385 429 423 cedat,
444 395 509 426 quo
531 394 686 415 concesso
706 383 843 415 salutem
882 382 971 425 opuli
985 393 1060 424 pro-

325 439 440 460 curare
455 438 521 459 non
536 432 654 469 potest,
668 426 834 459 concessio
848 426 860 458 i
874 426 906 458 la
919 426 1062 458 invalida

326 478 385 504 est.
401 471 447 503 iii.
465 475 535 502 168.
551 470 585 502 ii.
601 474 675 502 411.

325 514 451 547 tamdiu
466 513 655 555 obligantur
678 512 765 545 cives
787 523 867 554 erga
887 511 1060 555 imperium

325 568 488 589 summum
504 557 688 594 habentem,
702 555 858 599 quamdiu
879 560 990 587 manet
1004 566 1060 598 po-

324 601 430 633 tentia
444 600 532 632 cives
548 599 751 643 protegendi.
767 599 813 631 iii.
834 603 902 631 168.

325 644 424 676 habet
437 644 473 676 in
489 655 532 682 se,
549 644 589 675 ab
611 643 682 686 ipsa
706 642 922 680 institutione,
938 641 1062 674 semina

325 687 430 720 multa
458 686 669 719 mortalitatis
693 697 713 718 a
735 685 909 718 discordiis
931 685 1060 718 civium.

324 730 372 763 iii.
393 735 462 764 169.

325 779 504 817 systemata
532 773 642 806 omnia
677 772 888 805 subordinate
922 771 1061 814 imperio

325 828 452 850 summo
467 817 694 861 subjiciuntur.
711 816 757 848 iii.
776 819 846 849 170.

325 861 354 894 si
369 861 405 893 in
420 866 506 893 coetu
520 861 573 898 sit,
588 865 622 892 et
644 870 720 902 pars
741 859 873 891 illorum
888 858 1060 890 consilium

324 904 460 937 seorsim
477 915 513 937 ca
537 904 616 942 iant,
631 902 731 935 factio
751 908 811 941 est,
834 908 868 935 et
882 907 1061 934 conventus

323 947 492 980 hominum
507 948 520 979 i
534 947 651 979 licitus.
667 946 714 978 iii.
734 949 802 978 180.

323 991 366 1023 de
380 991 511 1034 imperii
526 989 686 1022 ministris
700 988 851 1031 publicis.
866 987 913 1020 iii.
932 992 1002 1021 181.

323 1045 487 1066 summum
516 1034 649 1071 habens,
672 1032 753 1064 duas
781 1042 938 1082 personas
963 1031 1060 1074 gerit,

322 1078 505 1110 naturalem
521 1083 554 1109 et
568 1076 744 1119 politicam.
759 1075 805 1107 iii.
825 1078 894 1107 181.

323 1132 486 1153 summum
516 1121 639 1152 habens
668 1118 772 1150 multa
807 1118 914 1150 facere
956 1118 1061 1161 possit

321 1165 422 1197 etiam
437 1169 551 1196 contra
565 1163 655 1205 leges
679 1161 853 1200 naturales,
869 1172 935 1193 non
950 1167 1059 1194 tamen

322 1208 365 1240 ob
388 1218 460 1240 eam
483 1217 611 1239 causam
637 1205 724 1238 cives
747 1215 836 1237 arma
856 1210 970 1236 contra
985 1215 1059 1236 eum

320 1261 450 1283 sumere
465 1256 522 1283 aut
536 1261 629 1282 reum
644 1249 750 1281 facere
764 1254 910 1291 possunt.
921 1248 967 1279 iii.
983 1252 1059 1282 187:

320 1299 652 1337 -quantumcunque
661 1292 844 1335 portionem
853 1291 887 1323 in
898 1297 1058 1324 terrarum

321 1337 552 1370 distributione
572 1336 635 1368 sibi
650 1335 714 1378 ipsi
736 1340 891 1373 reservat.
903 1334 944 1366 ad
960 1346 1059 1368 onera

318 1381 462 1413 civitatis
476 1379 586 1412 omnia
608 1378 798 1411 sustinenda
819 1384 854 1410 et
882 1378 923 1410 ad
946 1378 1058 1411 defen-

320 1424 446 1457 sionem
467 1425 537 1467 ejus
564 1423 711 1455 sufficere
733 1433 799 1454 non
822 1421 994 1454 tenebitur.
1010 1422 1057 1455 iii.

324 1470 382 1501 187
397 1468 520 1510 2—ejus
535 1472 586 1499 est
601 1471 670 1498 tum
697 1465 737 1498 de
753 1465 834 1497 locis
849 1470 919 1498 tum
935 1465 975 1497 de
989 1476 1056 1498 ma·

320 1511 404 1543 teria
426 1510 617 1553 negotiandi
640 1508 849 1542 constituere.
871 1508 920 1542 iii.
938 1513 997 1542 188
1006 1522 1059 1542 :—

320 1565 419 1597 quam
435 1554 476 1587 ob
491 1564 632 1586 causam.
643 1553 723 1585 ibid.

321 1597 507 1630 differentia
520 1597 608 1629 inter
622 1596 818 1639 imperatum
838 1599 872 1628 et
885 1594 1058 1628 consilium

320 1641 367 1673 iii.
387 1645 496 1674 190-3.

321 1695 484 1717 summum
500 1683 644 1723 habenti,
663 1682 820 1726 temporis
835 1682 1009 1724 longitudo
1023 1682 1059 1714 in

319 1728 355 1759 in
371 1727 552 1771 quaestione
577 1727 666 1771 juris
689 1737 750 1770 pro
772 1725 965 1769 praejudicio
991 1737 1058 1758 non

318 1771 393 1804 erit.
409 1771 456 1804 iii.
475 1775 546 1803 198.

319 1814 506 1856 ignorantia
520 1813 574 1846 cui
590 1813 633 1845 sit
647 1812 831 1855 imperium,
843 1812 984 1845 civitatis
1000 1823 1057 1845 au·

319 1857 470 1890 thoritati
479 1856 699 1890 resistentiam
708 1867 774 1888 non
784 1861 928 1888 excusat.
934 1855 1056 1890 iii.212.

344 1901 377 1933 ui
402 1900 646 1942 digladiationis
671 1905 837 1932 certamen
862 1906 1057 1942 provocatus

318 1911 472 1983 declinat,
497 1944 538 1976 ab
561 1943 743 1986 imperante
769 1954 897 1975 summo
921 1953 1057 1976 munere

320 1988 410 2020 omni
434 1987 570 2019 militari
592 1986 748 2029 indignus
770 1986 986 2019 existimatur.
1010 1987 1056 2019 iii.

319 2035 382 2064 219
391 2042 486 2064 :—-ne
500 2030 588 2063 facto
598 2030 730 2072 oblique
742 2030 858 2069 faveat,
870 2029 924 2062 cui
933 2029 1057 2063 directe

319 2074 503 2107 interdixit.
519 2074 567 2106 iii.
583 2078 658 2106 220.

315 2118 373 2160 jus
388 2128 500 2161 poenas
515 2116 666 2149 sumendi
679 2127 746 2149 non
761 2116 873 2149 datum
890 2116 947 2148 sed
960 2116 1056 2149 relic-

318 2166 388 2193 tum
404 2161 503 2193 habet
517 2171 662 2192 summus
675 2160 850 2203 imperans.
865 2159 911 2192 iii.
927 2164 990 2192 223
1005 2174 1057 2193 :—

318 2204 359 2236 ab
373 2204 432 2236 illo
454 2203 589 2246 negligi,
610 2203 662 2235 vel
684 2214 750 2236 non
772 2203 968 2246 promoveri,
990 2214 1056 2236 non

317 2253 369 2280 est
382 2258 487 2290 poena.
502 2247 550 2280 iii.
566 2250 638 2279 224.

313 2292 391 2333 jura
419 2302 478 2323 sua
506 2289 689 2323 necessaria
712 2290 912 2332 imperantes
938 2289 1056 2322 summi

318 2333 494 2377 aliquando
518 2333 582 2366 sibi
606 2338 738 2376 negant,
765 2333 988 2375 quamobrem.
1007 2333 1055 2366 iii.

318 2381 378 2410 231
394 2382 479 2410 :—et
495 2377 575 2419 quid
589 2376 666 2408 inde
682 2376 840 2426 sequitur.
854 2375 933 2408 ibid.

318 2431 481 2452 summum
511 2420 645 2459 habens,
675 2420 804 2461 legibus
826 2425 952 2452 naturae
978 2419 1054 2452 sub-

317 2463 406 2496 ditus
417 2468 474 2496 est.
487 2463 534 2495 iii.
548 2467 611 2495 234
619 2462 799 2503 2—1egibus
810 2462 942 2505 proprie
958 2462 1055 2495 dictis

316 2506 435 2558 subjici
464 2517 530 2539 non
556 2511 672 2549 potest.
699 2505 733 2538 ii.
756 2509 818 2538 298
832 2505 956 2548 :—qui
979 2516 1053 2538 eum

317 2550 463 2593 obhgare
486 2549 617 2587 vellent,
648 2549 715 2581 illis
743 2548 900 2591 erigenda
922 2553 973 2581 est
995 2559 1054 2599 po-

316 2598 416 2626 testas
445 2604 519 2644 quae
548 2592 657 2643 ipsum
685 2592 827 2635 puniret,
856 2597 890 2624 et
914 2591 960 2624 sic
984 2603 1054 2624 alne

317 2637 391 2670 fine.
417 2636 570 2669 ibid—si
593 2637 649 2679 jus
671 2636 744 2679 ejus
767 2635 801 2667 in
826 2635 911 2667 bona
934 2635 1052 2667 civium

315 2679 558 2719 excluderetur,
571 2685 744 2722 protegere
755 2678 843 2711 cives
853 2689 919 2710 non
933 2684 1054 2721 posset.

316 2723 398 2756 ibid.

315 2766 351 2799 in
376 2766 489 2800 eadem
513 2765 646 2799 civitate
669 2764 808 2808 imperia
832 2775 959 2797 summa
983 2775 1054 2797 esse

316 2810 392 2849 duo,
417 2821 493 2843 cum
518 2808 661 2842 essentia
684 2807 826 2841 civitatis
853 2813 940 2841 stare
963 2807 1054 2840 nullo

315 2853 415 2887 modo
429 2858 546 2897 potest.
558 2852 605 2885 iii.
620 2856 693 2885 286.

315 2907 480 2930 summum
497 2896 526 2929 is
539 2895 597 2939 qui
611 2895 719 2935 habet,
732 2899 783 2928 est
797 2894 906 2928 anima
913 2894 1053 2939 publica.

979 237 1176 277 INDEX.

1130 338 1177 372 iii.
1193 342 1267 378 239,
1280 343 1342 372 428
1351 341 1476 381 :—ejus
1494 341 1550 382 jus
1572 340 1637 373 nisi
1651 351 1671 373 a
1683 340 1791 385 seipso
1805 353 1862 375 ex-

1130 384 1237 425 tingui
1252 394 1318 415 non
1333 389 1450 426 potest.
1464 383 1543 416 ibid.

1130 428 1237 460 officia
1263 427 1455 469 imperant-is
1484 427 1603 459 summi
1626 427 1751 461 indicat
1775 427 1863 461 salus

1129 471 1251 514 populi.
1275 470 1321 503 iii.
1337 475 1400 502 240
1414 471 1494 503 z—is
1517 471 1678 503 rationem
1701 472 1775 504 Deo
1800 471 1862 504 soli

1130 520 1261 547 tenetur
1270 514 1415 546 reddere.
1426 514 1495 546 ibid
1503 514 1693 547 :—officium
1703 515 1774 558 ejus
1806 525 1863 547 uo-

1130 558 1228 590 modo
1256 557 1468 599 fungendum.
1498 557 1577 590 ibid.
1593 557 1730 590 :—illius
1763 569 1783 590 o
1817 557 1862 591 cii

1132 606 1191 640 est,
1202 602 1279 644 jura
1294 611 1429 633 summae
1443 601 1615 644 potestatis
1624 601 1765 634 retinere
1776 601 1862 634 inte·

1130 655 1199 686 gra.
1216 644 1293 676 ibid.
1306 654 1471 677 2—cavere
1484 655 1525 676 ne
1537 644 1662 688 jurium
1677 644 1795 677 horum
1809 655 1862 677 es·

1132 687 1317 719 sentialium
1332 698 1445 719 causas
1455 693 1489 720 et
1501 687 1763 731 fundamentapo
1788 687 1862 721 ulus

1129 730 1269 773 ignoret.
1285 730 1363 763 ibid.
1375 731 1508 769 2—-loca‚
1522 736 1678 774 tempora,
1694 736 1728 763 et
1771 737 1861 764 octo-

1130 785 1182 806 res
1195 774 1314 816 quibus
1326 774 1415 815 leges
1430 785 1539 806 coram
1549 774 1670 817 populo
1681 774 1861 807 recitentur

1130 823 1164 849 et
1178 817 1395 860 explicentur,
1405 817 1725 850 constituere.iii.244
1733 828 1860 861 :—pro-

1130 860 1250 899 videre,
1266 866 1303 893 ut
1325 871 1430 903 poenae
1444 861 1567 904 legales
1590 871 1684 903 aeque
1698 861 1740 893 ab
1754 860 1861 893 omni·

1129 904 1191 936 bus
1217 903 1402 944 exigantur.
1432 904 1479 936 iii.
1510 906 1608 937 246-7
1620 903 1783 936 z—videre
1817 915 1860 937 ne

1129 947 1247 989 vulgus
1261 947 1383 979 civium
1398 958 1417 979 a
1431 947 1638 989 magnatibus
1646 947 1859 990 opprimatur.

1129 990 1175 1023 iii.
1192 994 1254 1023 247
1271 996 1359 1023 :-ut
1375 990 1498 1023 tributa
1512 990 1684 1033 aequaliter
1697 990 1738 1023 ab
1753 991 1859 1023 omni-

1129 1033 1190 1066 bus
1202 1034 1386 1076 exigantur.
1403 1034 1482 1066 ibid.
1497 1034 1531 1066 ii.
1547 1038 1611 1066 304
1622 1033 1785 1066 z—videre
1799 1045 1859 1066 ne-

1129 1088 1203 1152 guae
1225 1077 1266 1109 ad
1287 1076 1388 1109 vitam
1410 1077 1593 1109 necessaria
1612 1082 1699 1116 sunt,
1721 1077 1785 1110 civi
1798 1077 1859 1110 ulli

1152 1120 1245 1153 esint.
1261 1119 1308 1152 iii.
1323 1124 1386 1153 248
1394 1126 1484 1153 :—ut
1498 1121 1592 1153 bonae
1606 1120 1687 1153 fiant
1700 1120 1800 1163 leges.
1810 1120 1857 1154 iii.

1129 1167 1190 1196 249
1205 1163 1386 1196 z—easdem
1396 1163 1587 1206 perspicuas
1598 1169 1632 1196 et
1645 1163 1762 1196 breves
1777 1164 1858 1197 scri-

1129 1207 1214 1240 bere.
1230 1207 1278 1239 iii.
1293 1210 1357 1238 250
1369 1217 1529 1249 :—poenas
1553 1212 1586 1239 et
1610 1206 1746 1250 praemia
1768 1213 1858 1240 recte

1128 1250 1325 1293 dispensare.
1338 1250 1417 1283 ibid.
1429 1250 1583 1282 :—b0nos
1591 1250 1638 1282 ita
1645 1251 1857 1290 remunerari,

1128 1299 1165 1325 ut
1180 1293 1316 1336 praemia
1329 1293 1369 1325 ad
1385 1293 1507 1325 bonum
1532 1293 1718 1326 redundent
1742 1293 1858 1327 civita-

1126 1336 1179 1369 tis.
1194 1336 1240 1369 iii.
1263 1337 1494 1369 2512—bon0s
1514 1336 1577 1368 sibi
1601 1336 1724 1379 eligere
1749 1337 1857 1370 oonsi-

1126 1379 1246 1412 liarios.
1277 1379 1323 1412 iii.
1354 1384 1416 1412 252
1428 1379 1645 1412 t—exercitus
1680 1378 1856 1430 imperim

1126 1423 1264 1456 ducibus
1289 1423 1426 1462 idoneis,
1450 1423 1632 1466 iisdemque
1656 1422 1752 1456 boms
1777 1423 1858 1456 eivi-

1125 1467 1196 1506 bus,
1211 1466 1374 1499 mandare.
1390 1466 1437 1499 iii.
1452 1470 1525 1499 253.

1125 1509 1356 1553 imperantium
1368 1509 1473 1542 officia
1487 1509 1598 1542 omnia
1610 1508 1674 1542 hoc
1687 1520 1755 1542 uno
1768 1509 1858 1544 dieto

1125 1553 1345 1592 continentur,
1371 1555 1454 1584 salus
1472 1555 1577 1594 populi
1600 1565 1738 1594 suprema
1751 1555 1808 1587 leoe.
1820 1553 1856 1587 ii.

1126 1601 1363 1630 298:——‘eorum
1392 1596 1490 1628 officii
1527 1601 1578 1628 est
1605 1601 1705 1629 rectoe
1736 1596 1857 1630 rationi

1127 1645 1285 1682 quantum
1314 1644 1451 1682 possunt
1476 1639 1512 1671 in
1533 1638 1684 1672 omnibus
1710 1639 1856 1673 obedire.

1126 1683 1205 1716 ibid.
1219 1683 1306 1716 z—in
1327 1682 1466 1725 imperio
1480 1682 1618 1725 positus,
1634 1682 1692 1726 qui
1706 1693 1746 1715 eo
1760 1683 1858 1716 aliter

1127 1738 1225 1770 quam
1240 1726 1281 1759 ad
1305 1726 1442 1758 salutem
1457 1725 1571 1768 populi
1597 1730 1755 1766 uteretur,
1769 1726 1857 1760 faee-

1125 1775 1178 1803 ret
1190 1776 1305 1802 contra
1317 1769 1425 1811 legem
1440 1769 1631 1802 naturalem.
1646 1769 1727 1802 ibid.

1122 1812 1298 1856 imperanti
1313 1823 1440 1844 summo
1454 1812 1659 1852 maledicere,
1670 1823 1770 1855 grave
1780 1823 1857 1857 pec·

1126 1862 1245 1889 catum.
1261 1856 1308 1888 iii.
1319 1860 1381 1888 243
1390 1855 1535 1888 2—illum
1550 1866 1745 1899 quocunque
1758 1856 1858 1890 modo

1124 1900 1190 1932 nisi
1205 1899 1339 1932 honoris
1353 1910 1451 1932 causa
1472 1898 1651 1938 nominare,
1663 1898 1754 1932 item.
1775 1899 1856 1934 ibid.

1124 1943 1303 1986 imperator
1315 1942 1481 1986 popularis
1503 1942 1637 1982 civitati,
1660 1947 1695 1975 et
1714 1942 1858 1976 maxime

1125 1986 1363 2025 democraficae,
1401 1985 1614 2029 periculosus.
1650 1985 1699 2019 iii.
1728 1989 1792 2019 258
1805 1999 1858 2019 2-—

1125 2029 1256 2073 quando
1269 2029 1433 2072 imperans
1455 2039 1601 2061 summus
1615 2028 1783 2072 popularis
1796 2034 1858 2069 est,

1124 2084 1144 2106 a
1156 2073 1374 2116 popularitate
1395 2073 1619 2116 cujuscunque
1633 2072 1714 2104 civis
1727 2072 1858 2115 pericu-

1123 2117 1191 2149 lum
1214 2116 1340 2148 nullum
1367 2121 1427 2148 est.
1452 2114 1531 2148 ibid.
1547 2114 1779 2158 2—imperandi
1800 2116 1858 2160 jus

1124 2160 1341 2198 manifestum,
1357 2164 1408 2191 est
1419 2169 1472 2191 res
1486 2157 1661 2201 popularis.
1677 2158 1756 2191 ibid.

1123 2203 1324 2246 imperantes
1337 2212 1481 2234 summos
1503 2201 1666 2244 subjectos
1688 2212 1759 2234 esse
1773 2201 1856 2245 legi·

1124 2246 1196 2285 bus,
1212 2245 1366 2278 seditiosa
1379 2250 1429 2277 est
1439 2244 1559 2288 opinio.
1574 2244 1608 2277 ii.
1625 2248 1698 2278 287.
1713 2244 1760 2278 iii.
1776 2249 1855 2279 283:

1124 2300 1226 2332 —per
1240 2299 1311 2321 eam
1337 2288 1379 2320 ad
1406 2287 1553 2329 singulos
1574 2287 1699 2320 rediret
1711 2288 1858 2364 coffinitio

1114 2335 1198 2375 justi
1219 2338 1253 2365 et
1275 2333 1391 2375 injusti.
1406 2330 1439 2363 ii.
1455 2335 1517 2364 288
1526 2330 1743 2374 z—opinionis
1781 2332 1858 2365 u‘us

1123 2375 1234 2418 magni
1248 2375 1392 2408 fautores
1406 2373 1605 2406 Aristoteles
1620 2379 1654 2407 et
1668 2374 1733 2408 alii.
1744 2374 1791 2407 ibi

1123 2429 1285 2451 summum
1307 2428 1402 2461 posse
1424 2416 1537 2456 dividi,
1559 2417 1715 2450 seditiosa
1735 2417 1856 2469 opinio.

1123 2462 1156 2495 ii.
1173 2466 1245 2495 289.
1261 2461 1307 2493 iii.
1320 2465 1383 2493 234
1391 2467 1521 2494 z—sunt
1530 2460 1588 2503 qui
1598 2460 1633 2493 id
1641 2461 1688 2494 ita
1696 2460 1857 2500 dindunt.

1122 2511 1161 2538 ut
1170 2506 1226 2548 jus
1239 2503 1318 2537 belli
1333 2509 1367 2536 et

1123 2548 1210 2581 niam
1222 2549 1265 2580 im
1291 2558 1367 2579 eran
1395 2547 1402 2554 “
1420 2546 1493 2579 aliis
1508 2547 1666 2580 tribuunt.
1681 2558 1716 2580 u.
1730 2551 1794 2581 289
1805 2561 1858 2581 :—

1123 2591 1180 2634 qui
1194 2591 1240 2624 sic
1280 2590 1416 2629 'viduna
1431 2590 1511 2633 quid
1522 2601 1636 2623 revera
1642 2589 1856 2625 fadunaibid.

1124 2645 1286 2667 summum
1302 2634 1425 2677 absque
1448 2634 1526 2676 jure
1541 2633 1675 2674 habens,
1700 2638 1738 2667 nt
1752 2633 1858 2668 hostia

1123 2679 1194 2719 iure
1210 2677 1378 2710 occiditur.
1395 2677 1428 2709 ii.
1444 2680 1516 2711 287.

1118 2712 1253 2764 imperii
1268 2720 1386 2752 summi
1392 2723 1448 2764 jus
1461 2719 1728 2762 distinguendum
1743 2725 1795 2754 eet
1815 2720 1857 2754 ab

1122 2766 1269 2796 exercitio.
1291 2763 1326 2796 il.
1343 2767 1442 2797 297-8
1458 2763 1567 2796 z-ubi
1586 2764 1644 2806 jus
1669 2768 1703 2796 et
1730 2762 1859 2797 uerni-

1123 2807 1205 2840 tium
1234 2813 1438 2850 separantur,
1463 2806 1510 2839 ibi
1539 2806 1687 2849 regimen
1715 2806 1857 2840 civit-‚fin

1123 2850 1231 2883 simile
1246 2855 1296 2883 est
1306 2850 1371 2883 Dei
1387 2849 1541 2892 regimini
1551 2848 1666 2882 mundi
1679 2849 1856 2883 ordinario.

1123 2893 1159 2928 ii.
1174 2892 1355 2927 2982—ubi
1373 2903 1520 2926 summus
1540 2892 1706 2936 imperans
1719 2892 1856 2926 aetioni-

1442 2503 1470 2536 is
1485 2504 1680 2543 monarchae,
1683 2504 1744 2555 jus
1758 2514 1857 2548 pecu·
