1982 3204
428 227 522 269 302
974 238 1268 272 EPISTOLAE.

165 351 246 423 ¹133
240 352 350 424 (ἐξὲξ-ζ
353 363 394 425 3¹1
428 347 509 394 FA
528 354 577 395 et
595 347 703 395 AE:
739 364 837 396 non
856 357 1020 397 autem
1038 366 1096 397 ex
1117 350 1205 397 BA
1220 357 1270 397 et
1289 349 1388 397 AC.
1448 349 1609 413 Atque
1628 348 1709 396 hic
1733 364 1818 412 ap-

425 498 526 560 egit
552 514 610 546 ac
630 499 670 546 si
688 500 895 562 probare
911 501 1057 548 vellet
1077 501 1288 547 securim
1308 500 1537 563 componi
1553 516 1612 547 ex
1627 500 1746 546 silva
1769 507 1820 547 et

425 581 617 622 monte:
644 575 759 637 quia
779 576 899 623 silva
917 576 1185 623 contribuit
1204 577 1391 638 lignum
1411 576 1474 623 ad
1493 575 1818 631 manubrium,

425 657 474 696 et
499 666 640 697 mons
665 650 849 698 ferrum
875 667 932 698 ex
960 652 1064 714 ejus
1090 651 1269 699 fodinis
1294 660 1505 699 erutum.
1575 651 1690 699 Post
1712 650 1818 698 haec

424 741 540 772 vero
566 725 728 783 homo,
764 726 952 773 scilicet
984 727 1355 785 urbanissimus,
1382 742 1458 773 me
1487 725 1650 788 arguit
1682 725 1819 788 quasi

425 817 570 863 quem
587 801 969 863 paralogismum
986 802 1305 850 admisissem.
1344 803 1456 850 Qua
1470 802 1518 849 in
1539 817 1608 858 re,
1625 800 1817 864 quaeso?

425 876 632 939 Nempe,
654 877 738 924 ubi
763 877 863 924 dixi
887 894 964 925 me
990 887 1092 925 tam
1117 878 1384 941 improprio
1408 876 1640 940 loquendi
1671 876 1818 924 modo

423 951 497 999 uti
522 952 751 999 noluisse.

491 1027 570 1074 Ad
595 1036 843 1089 quartum,
868 1029 949 1076 hic
974 1028 1191 1077 ostendit
1215 1044 1264 1076 se
1290 1029 1341 1075 in
1366 1045 1423 1075 eo
1449 1028 1554 1091 ipso
1580 1044 1743 1076 errare
1767 1028 1818 1076 in

425 1119 523 1166 quo
547 1103 693 1165 paulo
719 1113 834 1151 ante
859 1105 983 1152 dixit
1007 1121 1085 1152 me
1109 1121 1209 1152 non
1236 1104 1459 1151 debuisse
1483 1105 1656 1151 timere
1680 1120 1710 1151 a
1732 1119 1820 1167 pa-

423 1178 698 1241 ralogismis
731 1195 852 1241 quos
884 1180 966 1227 alii
1001 1187 1170 1242 postea
1205 1180 1398 1227 sibimet
1430 1180 1549 1243 ipsis
1582 1180 1816 1227 facerent.

424 1253 554 1301 Nam
591 1254 642 1300 in
679 1254 772 1301 hoc
805 1255 911 1317 ipso
948 1255 1331 1318 paralogismum
1363 1255 1456 1302 sibi
1490 1255 1650 1318 fingit,
1687 1254 1819 1318 quod

426 1337 616 1377 motum
653 1329 1035 1378 determinatum
1070 1330 1180 1378 loco
1214 1330 1634 1378 determinationis
1659 1330 1816 1378 consi·

424 1405 579 1452 deret.
650 1405 729 1452 Ad
754 1405 886 1468 quod
910 1405 1299 1468 intelligendum,
1318 1405 1594 1469 putandum
1617 1412 1689 1452 est
1713 1421 1818 1453 mo-

423 1489 530 1528 tum
556 1480 934 1529 determinatum
959 1497 1062 1529 esse
1082 1481 1146 1528 ad
1170 1481 1324 1544 ipsam
1348 1488 1508 1528 motus
1528 1480 1818 1528 determina-

422 1556 607 1603 tionem
643 1564 699 1604 ut
736 1564 810 1604 est
846 1572 1024 1619 corpus
1064 1556 1262 1619 planum
1304 1556 1368 1604 ad
1403 1556 1676 1620 planitiem,
1718 1556 1819 1603 sive

421 1631 729 1694 superficiem
748 1632 966 1694 ejusdem
986 1632 1218 1695 corporis.
1260 1631 1389 1679 Nam
1409 1631 1818 1694 quemadmodum

423 1715 613 1755 mutata
632 1723 730 1754 una
754 1709 1009 1771 superficie
1029 1724 1130 1755 non
1151 1708 1370 1771 sequitur
1393 1707 1510 1755 alias
1529 1708 1725 1766 mutari,
1740 1707 1818 1756 vel

422 1782 531 1845 plus
553 1783 771 1845 corporis
789 1784 866 1831 vel
890 1784 1051 1831 minus
1075 1783 1169 1831 illis
1193 1783 1411 1846 adjungi,
1431 1783 1620 1831 etiamsi
1644 1783 1742 1831 sint
1766 1783 1817 1831 iu

423 1858 598 1905 eodem
634 1874 856 1922 corpore,
882 1868 934 1907 et
968 1875 1067 1907 non
1101 1860 1290 1922 possint
1325 1875 1429 1907 esse
1454 1860 1558 1907 sine
1582 1860 1712 1922 ipso:
1748 1859 1819 1907 ita

424 1942 615 1981 mutata
660 1949 759 1981 una
805 1934 1231 1991 determinatione,
1264 1951 1362 1983 non
1409 1936 1629 1999 sequitur
1672 1935 1817 1983 aliam

424 2009 617 2067 mutari,
646 2010 722 2056 vel
760 2010 867 2072 plus
905 2019 1069 2059 motus
1095 2011 1195 2059 sive
1221 2011 1483 2059 celeritatis
1506 2011 1575 2059 illi
1598 2011 1816 2074 adjungi,

422 2085 644 2147 quamvis
682 2094 860 2133 neutra
896 2086 1049 2148 possit
1089 2102 1194 2134 esse
1227 2086 1330 2134 sine
1367 2095 1521 2135 motu.
1593 2086 1739 2135 Quod
1776 2087 1817 2134 si

423 2168 592 2207 noster
617 2160 951 2219 intellexisset,
978 2177 1077 2209 non
1108 2161 1295 2209 diceret
1330 2162 1612 2226 oportuisse
1635 2178 1710 2209 me
1733 2161 1816 2209 de-

423 2242 737 2294 monstrasse,
764 2237 895 2299 quod
924 2244 1122 2284 retent-a
1157 2237 1358 2302 integra
1393 2237 1653 2285 velocitate
1683 2236 1749 2284 ab
1772 2237 1817 2284 A

420 2327 595 2359 versus
614 2312 653 2358 B
676 2311 981 2375 impossihile
995 2319 1126 2359 esset
1141 2312 1303 2376 pilam
1314 2312 1598 2377 promoveri
1617 2312 1816 2377 longius

425 2386 475 2434 in
491 2386 661 2434 eadem
679 2386 1081 2435 determinatione
1097 2404 1242 2452 quam
1261 2387 1333 2436 ad
1351 2388 1406 2435 E.
1454 2387 1668 2436 Vidisset
1686 2388 1816 2436 enim

422 2461 475 2509 id
500 2462 561 2509 ab
586 2462 680 2509 hoc
705 2478 807 2510 esse
841 2462 1247 2522 demonstratum,
1272 2463 1404 2527 quod
1438 2463 1815 2512 demonstrarim

424 2537 887 2586 determinationem
923 2538 1231 2586 dextrorsum
1266 2554 1366 2586 non
1402 2554 1507 2587 esse
1537 2547 1815 2588 mutatam:

421 2614 537 2676 quia
569 2629 670 2660 non
705 2620 872 2676 potest
902 2614 1072 2676 augeri
1103 2614 1182 2662 vel
1212 2614 1367 2662 minui
1405 2623 1564 2663 motus
1596 2615 1647 2663 in
1681 2615 1815 2663 illam

423 2697 630 2752 partem,
650 2688 767 2751 quin
793 2688 1084 2737 tantundem
1108 2689 1178 2736 illi
1198 2689 1594 2738 determinationi
1611 2690 1815 2739 accedat

423 2763 502 2811 vel
526 2764 745 2813 recedat:
783 2772 838 2812 ut
875 2780 1034 2828 neque
1066 2772 1229 2828 potest
1262 2781 1441 2829 corpus
1477 2766 1525 2814 in
1560 2767 1815 2830 superficie

425 2842 621 2901 mutari,
647 2843 766 2905 quin
790 2842 936 2890 etiam
963 2842 1246 2906 superficies
1268 2849 1510 2890 mutetur:
1534 2858 1627 2890 nec
1650 2849 1814 2890 tamen
