1982 3204
313 223 408 265 350
881 234 1147 268 ms'romA

370 341 488 396 Quid
509 342 629 385 Deus
644 350 882 387 extremum
898 345 1063 401 judicat
1078 351 1176 387 ante
1197 344 1322 388 diem.

311 408 452 459 Unus,
475 411 527 452 ab
547 415 707 453 aeterno
727 411 923 467 pendere,
945 412 1018 462 ait,
1040 411 1181 454 omnia
1200 413 1344 462 verbo,

371 475 512 526 Alter,
535 477 587 519 ab
608 477 783 520 arbitrio
804 478 940 521 multa
960 479 1103 521 venire
1125 493 1212 520 suo.

310 541 364 584 In
385 548 525 597 partes
546 543 726 586 veniunt
746 559 891 587 omnes
913 545 1069 600 quibus
1090 544 1195 587 utile
1215 544 1375 587 bellum
1396 550 1475 588 est.

371 606 442 650 Sic
471 607 605 651 doctis
626 608 752 651 debes
772 609 870 653 inde
891 618 1073 665 sequuta
1092 610 1213 652 mala.

309 672 356 715 Ν
359 688 407 716 ec
426 673 566 716 miror.
630 675 794 717 Natura
815 675 1006 718 homines
1026 692 1120 718 raro
1141 675 1245 718 facit
1264 675 1355 732 ipsa

367 739 606 796 Egregieve
628 742 775 792 bonos,
798 742 1019 799 egregieve
1042 742 1186 793 malos,

309 805 495 863 Egregie
517 807 684 858 stultos,
706 815 781 850 aut
801 809 970 865 egregie
991 808 1229 865 sapientes¹.

368 872 545 915 Perficit
565 873 783 930 inceptum
805 875 1004 930 quodque
1024 875 1226 931 magister
1246 890 1363 931 opus.

311 937 512 983 Ostendit
532 938 703 981 Natura
722 939 877 990 Deum,
899 956 1146 996 summeque
1167 941 1389 984 colendum
1406 958 1416 983 :

372 1005 457 1048 Sed
477 1005 617 1048 cultus
637 1006 727 1048 veri
747 1022 832 1049 non
854 1007 976 1050 docet
996 1007 1068 1050 illa
1089 1008 1271 1050 modum.

311 1074 396 1115 Sec.
431 1071 541 1126 Quae
562 1072 697 1115 nescit
720 1073 897 1124 Natura,
919 1080 1114 1130 potestne
1134 1074 1282 1117 docere
1304 1074 1535 1131 magister?

368 1138 448 1180 Pr.
483 1137 601 1192 Quid
621 1138 677 1188 ni,
700 1138 915 1181 doctorem
936 1139 971 1182 si
991 1140 1114 1182 docet
1134 1140 1222 1196 ipse
1243 1140 1398 1183 Deus?

310 1203 396 1246 Sec.
430 1203 570 1257 Quem
591 1219 691 1246 vero
711 1204 856 1246 docuit
877 1205 1009 1256 Deus,
1027 1212 1071 1248 et
1091 1221 1176 1261 quo
1196 1213 1305 1249 teste
1325 1207 1505 1250 sciemus

370 1268 575 1313 Credibili
592 1285 836 1326 quenquam
856 1271 916 1314 sic
931 1272 1122 1315 docuisse
1142 1271 1318 1315 Deum?

310 1335 393 1378 Pr.
424 1335 596 1378 Primus
618 1342 709 1378 erat
729 1335 887 1387 Moses,
904 1338 974 1380 cui
993 1344 1124 1381 testes
1147 1337 1279 1395 Signa
1299 1339 1418 1383 fuere

368 1401 499 1444 Edita
519 1402 564 1443 in
584 1401 797 1458 AEgypto,
819 1404 1150 1460 retrogradoque
1165 1404 1283 1447 mari.

310 1467 540 1510 Proximus
559 1468 659 1511 huic
683 1470 827 1511 Aaron
847 1469 1001 1512 frater:
1034 1485 1310 1526 summusque
1330 1471 1522 1515 sacerdos

368 1533 535 1577 Doctus
555 1549 658 1577 voce
679 1534 764 1578 Dei
784 1541 861 1586 est,
883 1536 1029 1579 ordine
1051 1536 1231 1592 quisque
1254 1552 1344 1580 suo.

312 1600 428 1643 Tum
450 1601 712 1644 Testamenti
731 1601 886 1644 veteris
906 1602 972 1644 his
992 1603 1098 1645 adde
1119 1601 1368 1658 Prophetas,

369 1667 431 1710 Et
450 1666 484 1710 J
486 1683 603 1710 esum
626 1666 860 1718 Christum,
883 1668 958 1723 qui
978 1668 1062 1711 fuit
1082 1668 1170 1725 ipse
1191 1668 1325 1712 Deus.

311 1732 535 1776 Postremo
556 1733 817 1785 Paracletus,
839 1734 883 1776 id
902 1742 979 1785 est,
1002 1735 1194 1778 Ecclesia
1215 1734 1390 1786 Christi,

371 1798 596 1843 Credenda
616 1807 682 1842 est
701 1800 792 1843 veri
812 1802 941 1844 verba
961 1801 1110 1844 docere
1131 1801 1227 1844 Dei.

312 1866 398 1908 Sec.
432 1866 562 1910 Adde
582 1874 627 1909 et
646 1867 904 1923 phanaticos,
927 1867 1053 1924 hujus
1073 1883 1183 1911 nova
1202 1868 1364 1911 lumina
1383 1867 1506 1911 secli:

369 1931 431 1975 Et
450 1932 615 1984 Romae,
632 1933 668 1975 si
688 1933 764 1984 vis,
787 1933 920 1990 adjice
942 1933 1207 1977 POntificem.

314 1996 398 2042 Sed
415 1998 513 2049 scio,
535 2014 621 2042 non
641 1999 787 2042 docuit
807 2001 1043 2057 pugnantia
1062 2000 1200 2043 dicere
1221 2015 1364 2044 secum

370 2063 520 2108 Verba
539 2065 671 2108 Deus.
695 2065 792 2108 Lex
812 2073 926 2117 sunt,
949 2073 992 2109 et
1012 2066 1095 2109 nisi
1115 2067 1227 2110 clara
1246 2067 1352 2109 nihil
1369 2083 1378 2109 :

314 2129 544 2186 Perspicue
565 2131 776 2188 descripta
796 2139 915 2175 tenet
936 2147 1203 2188 quaecunque
1223 2133 1416 2188 requirit,

371 2195 426 2237 In
445 2196 564 2239 libris
581 2197 721 2248 sacris,
744 2198 815 2241 lex
837 2199 977 2241 Vetus
999 2206 1128 2254 atque
1149 2198 1287 2242 Nova.

317 2260 534 2316 Quorsum
554 2263 687 2320 igitur
707 2264 843 2307 doctae
863 2265 990 2307 lites?
1052 2264 1273 2308 Sententia
1294 2265 1435 2322 dispar

371 2327 607 2371 Doctorum
629 2330 740 2386 parti
761 2330 894 2373 demit
923 2330 1096 2386 utrique
1116 2331 1254 2373 fidem.

314 2399 342 2418 “
355 2393 432 2437 Me
453 2410 628 2450 sequere
649 2396 701 2437 ad
722 2396 923 2452 Regnum
945 2396 1199 2446 Goelorum,''
1224 2396 1414 2439 clamitat
1433 2396 1550 2440 alter.

378 2465 406 2485 “
423 2460 516 2503 Imo
536 2475 603 2503 me
625 2461 805 2517 potius‚”
825 2461 979 2504 clarius
999 2461 1107 2504 alter
1127 2462 1199 2504 ait.

312 2525 427 2570 Vela
447 2526 549 2569 ratis
570 2534 725 2570 sanctae
740 2528 959 2583 jactantur
979 2527 1022 2569 in
1043 2543 1138 2571 aere
1159 2528 1286 2571 scisso
1303 2545 1314 2570 ι

370 2593 556 2650 Ejicitur
577 2593 722 2636 Pietas
746 2593 1089 2650 Simplicitasque
1109 2593 1235 2637 foras.

315 2659 414 2703 Rex
433 2666 577 2703 noster
596 2659 718 2702 nobis
739 2665 783 2702 et
803 2659 948 2702 Moses
968 2666 1045 2711 cst,
1066 2666 1111 2703 et
1131 2660 1304 2704 Aaron:

654 2848 665 2867 ⁴
691 2843 796 2890 [Vide
822 2844 1054 2888 IAEvmrruN,
1078 2845 1235 2891 Anglice,
1250 2845 1369 2892 p.25.]

1648 615 1704 653 30

1647 1279 1705 1317 40

1650 1938 1707 1977 50

1652 2597 1708 2637 60
