1982 3204
142 415 251 442 PROP.
269 416 352 444 XVI.

152 462 339 484 *κῇ-ἅ

136 506 282 544 Digressio
296 508 332 536 de

136 550 280 580 discordia
292 556 345 581 etc.

399 280 461 324 38
730 292 992 327 RosE'rUM
1020 291 1446 326 GEOMETmcuM.

397 408 470 448 est
494 408 666 449 contra
687 402 954 461 Euclidem,
981 403 1062 466 qui
1102 401 1470 460 demonstravit,
1496 402 1536 450 si
1576 408 1682 452 tota
1716 404 1780 452 sit

395 476 658 534 rationalis,
682 484 942 540 utrumque
980 485 1282 540 segmentum
1320 492 1424 524 esse
1455 477 1633 525 lineam
1657 478 1779 527 irra-

397 551 644 600 tionalem.
714 553 822 600 Nisi
855 551 1204 600 demonstratio
1237 552 1344 599 haec
1382 552 1677 611 confutetur,
1699 570 1779 602 ra-

395 626 542 674 tionis
561 643 659 675 non
684 636 754 675 est
774 636 829 675 ut
844 635 1101 691 arguentes
1125 644 1154 674 a
1176 633 1418 690 potestate
1442 627 1680 676 linearum
1703 629 1778 676 ul-

397 702 547 749 terius
585 703 860 750 audiantur.
931 703 1082 750 Linea
1121 702 1249 749 inter
1285 702 1540 765 parallelas
1581 703 1776 767 oblique

394 776 556 835 ducta,
581 778 632 825 in
655 779 866 826 rationes
902 777 1072 824 referri
1108 778 1345 825 linearum
1377 793 1611 841 purarum
1642 779 1777 829 nulla

393 852 562 900 debet:
607 854 719 916 quia
755 852 1118 900 considerandae
1156 860 1270 900 sunt
1305 853 1383 900 vel
1420 861 1476 900 ut
1514 853 1775 916 triangula,

391 928 467 975 vel
490 937 546 975 ut
569 928 1018 991 parallelogramma
1054 928 1402 991 obliquangula
1425 929 1629 987 minuta,
1653 946 1776 993 quo-

391 1019 497 1050 rum
544 1003 797 1066 longitudo
834 1019 932 1050 non
971 1011 1045 1050 est
1086 1003 1423 1052 determinata.
1493 1004 1623 1052 Nam
1667 1005 1775 1053 lon-

389 1078 560 1141 gitudo
606 1080 776 1141 figurae
818 1079 951 1126 nulla
992 1087 1127 1127 certa
1164 1086 1252 1139 est,
1293 1087 1473 1143 praeter
1513 1096 1621 1129 eam
1663 1097 1772 1145 quae

389 1162 590 1202 vocatur
614 1154 837 1202 altitudo.

886 1467 1068 1514 PROP.
1104 1464 1265 1515 XVII.

384 1599 553 1633 LATUS
600 1598 900 1632 ICOSAEDRI
937 1598 1175 1637 AEQUALE
1216 1598 1317 1632 EST
1353 1598 1568 1632 TERTIAE
1602 1598 1765 1634 PARTI

514 1675 874 1709 SEMICIRCULI
907 1675 967 1708 IN
1009 1674 1115 1708 SUA
1142 1674 1370 1708 SPHAERA
1396 1675 1631 1709 MAXIMI.

378 1761 773 1810 DESCRIBATUR
820 1761 1111 1825 quadratum
1157 1759 1375 1819 ABGD,
1422 1769 1472 1808 et
1518 1760 1765 1809 dividatur

377 1837 600 1884 bifariam
639 1853 669 1884 a
708 1845 840 1884 recta
871 1837 951 1884 EF
984 1836 1216 1900 parallela
1252 1836 1483 1884 lateribus
1517 1836 1623 1893 AB,
1654 1837 1760 1886 DC.

379 1912 693 1960 Describatur
718 1913 960 1975 quadrans
984 1913 1135 1971 ABD,
1172 1913 1309 1975 cujus
1333 1928 1474 1960 arcus
1497 1920 1631 1960 secet
1653 1927 1761 1960 rec-

377 1997 477 2034 tam
501 1988 579 2034 EF
602 1988 651 2035 in
678 1989 737 2035 K.
805 1989 834 2036 J
839 1996 986 2035 uncta
1004 1988 1095 2035 AK
1119 1987 1420 2051 producatur
1443 1987 1506 2035 ad
1525 1987 1607 2034 BC
1630 1987 1681 2034 in
1705 1987 1758 2036 P.

376 2063 465 2110 Est
501 2079 616 2125 ergo
656 2063 734 2110 BP
757 2070 962 2126 tangens
989 2068 1052 2111 30
1076 2062 1348 2126 graduum:
1385 2063 1465 2110 cui
1499 2062 1666 2110 addita
1690 2062 1759 2110 Pb

375 2138 548 2200 aequali
572 2138 711 2185 lateri
735 2139 836 2196 BC,
867 2147 974 2187 tota
998 2138 1071 2186 Bb
1106 2138 1379 2201 composita
1402 2138 1498 2186 erit
1521 2153 1579 2185 ex
1603 2137 1758 2186 latere

374 2222 423 2260 et
461 2221 691 2276 tangente
725 2219 787 2262 30
815 2214 1071 2277 graduum.
1102 2221 1106 2225 ⁴
1141 2213 1362 2261 Ducatur
1402 2213 1550 2260 etiam
1587 2212 1757 2276 diago-

372 2288 493 2335 nalis
516 2290 616 2347 AC,
643 2305 788 2351 quam
812 2298 948 2338 recta
970 2290 1050 2337 EF
1073 2297 1206 2338 secat
1228 2288 1454 2336 bifariam
1477 2288 1527 2335 in
1553 2288 1587 2336 i.

436 2363 464 2411 J
471 2372 678 2427 ungatur
701 2364 809 2423 DK,
835 2365 1022 2428 eritque
1046 2364 1186 2412 AKD
1219 2363 1520 2428 triangulum
1556 2362 1755 2427 aequila-

371 2446 544 2487 terum.

436 2514 493 2561 111
524 2514 676 2562 latere
706 2515 794 2562 AD
828 2523 1047 2563 sumatur
1071 2514 1146 2563 Ac
1169 2514 1315 2563 tertia
1350 2514 1454 2578 ejus
1487 2528 1617 2577 pars,
1635 2514 1753 2577 jun-

366 2596 603 2651 gaturque
644 2590 734 2647 eK,
782 2598 830 2638 et
869 2591 1168 2653 producatur
1213 2591 1277 2638 ad
1313 2589 1441 2638 latus
1483 2586 1564 2637 BC
1601 2588 1654 2637 in
1689 2605 1750 2644 ος

366 2665 555 2727 eritque
592 2666 655 2712 Fe
688 2666 832 2712 tertia
871 2682 981 2729 pars
1023 2667 1129 2722 FP;
1172 2674 1222 2714 et
1261 2674 1522 2729 propterea
1553 2663 1648 2712 erit
1679 2664 1751 2712 Be

366 2740 510 2787 tertia
528 2756 638 2803 pars
658 2741 805 2788 totius
827 2742 912 2798 Bb,
928 2758 1015 2805 per
1034 2742 1257 2790 Conseet.
1274 2741 1327 2789 iii
1347 2740 1567 2804 septimae
1587 2739 1749 2803 huJus.

431 2815 487 2862 In
534 2815 679 2862 rectis
728 2816 834 2874 KA,
869 2817 959 2864 ΚΙ)
1002 2826 1258 2865 sumantur
1298 2816 1388 2874 Ka,
1421 2812 1498 2863 Κβ
1540 2821 1748 2878 utraque

364 2890 560 2952 aequalis
585 2899 770 2953 quartae
807 2892 933 2954 parti
972 2891 1242 2955 diagonalis
1266 2890 1372 2951 AC,
1397 2890 1498 2940 sive
1531 2889 1747 2940 dimidiae
