1982 3204
413 289 504 332 128
820 298 932 332 Lux
959 295 1382 330 ΜΑΤΗΕΜΑΤῙΟΑ.

126 428 389 456 conmovmz-
408 409 531 457 nihil
553 409 699 467 valet,
725 425 836 457 cum
866 418 916 456 et
951 408 1219 472 propositio
1245 406 1342 464 illa,
1368 413 1416 453 et
1441 404 1794 452 consectarium

164 483 256 537 *sm
276 483 355 537 XLV
409 485 530 533 illud
562 485 614 532 in
644 485 1032 548 praecedentibus
1065 484 1161 531 sint
1198 482 1501 530 confirmata.
1573 480 1798 528 Secunda

412 569 607 624 sumpta
642 569 716 608 est
757 577 786 608 a
816 561 1092 608 radicibus:
1129 567 1177 606 et
1214 567 1414 621 propter
1456 572 1563 604 eam
1601 572 1798 604 causam

411 637 601 685 tollitur
639 651 726 699 per
772 636 1167 684 Controversia-m
1202 635 1265 682 iv.
1333 633 1501 682 Tertia
1541 640 1630 690 est,
1668 631 1799 694 quod

412 712 589 760 faciam
615 712 685 758 Be
708 712 904 759 tertiam
933 719 1123 775 partem
1159 725 1300 757 arcus
1332 707 1664 772 quadrantalis
1697 708 1799 764 BD,

416 805 526 836 cum
552 788 617 835 sit
640 787 786 834 tertia
810 803 921 851 pars
941 795 1088 835 rectae
1113 786 1198 833 Bb.
1267 785 1476 833 Tollitur
1499 800 1616 847 ergo
1639 799 1699 831 ex
1724 799 1799 842 eo,

416 863 549 927 quod
583 863 645 910 ad
673 861 1068 910 Controversiam
1099 861 1181 909 viii
1219 869 1469 908 ostensum
1506 869 1581 906 est
1616 866 1802 907 rectam

417 938 489 987 Bb
530 946 580 986 et
615 954 783 985 arcum
822 937 908 984 BD
951 953 1052 984 esse
1090 936 1316 999 aequaleS.
1389 935 1643 982 Hactenus
1684 950 1801 997 ergo

415 1014 592 1062 Roseti
615 1013 779 1062 omnia
803 1013 864 1060 ab
886 1012 1135 1061 Hobbesio
1171 1019 1304 1059 recte
1334 1010 1670 1058 demonstrata
1697 1025 1802 1057 esse

411 1089 598 1154 judico.

832 1251 1260 1287 CONTROVERSIA
1286 1251 1388 1284 XII.

486 1357 567 1404 De
590 1356 903 1420 quadratura
928 1354 1121 1403 circuli.
1168 1369 1366 1402 Rosss'rl
1394 1370 1530 1417 prop.
1550 1353 1684 1411 xviii,
1705 1353 1803 1401 xix.

486 1467 603 1514 Post
626 1481 767 1513 arcus
803 1464 1137 1528 quadrantalis
1169 1463 1230 1510 ad
1254 1463 1446 1510 radium
1466 1462 1634 1510 circuli
1659 1462 1807 1510 ratio-

420 1558 534 1589 nem
558 1541 842 1599 exhibitam,
864 1548 913 1588 et
937 1557 966 1587 a
989 1539 1344 1603 simplicissimo
1364 1538 1716 1602 diagrammate
1739 1538 1809 1585 ita

421 1618 636 1665 breviter
660 1625 710 1664 et
733 1616 988 1680 perspicue
1009 1615 1388 1663 demonstratam
1413 1623 1468 1662 ut
1493 1614 1627 1662 nulla
1649 1613 1807 1661 Eucli-

424 1694 497 1741 dis
520 1693 789 1756 propositio
815 1691 992 1739 clarius
1018 1699 1066 1739 et
1090 1691 1298 1749 brevius,
1322 1699 1377 1738 ut
1402 1690 1583 1753 legenti
1608 1688 1811 1737 Contro-

423 1769 635 1816 versiam
675 1769 755 1816 viii
798 1768 1068 1831 apparebit,
1111 1767 1446 1814 demonstrata
1482 1765 1653 1813 fuerit:
1703 1765 1810 1828 quis

425 1844 648 1892 crederet
677 1860 779 1892 6556
811 1844 1023 1907 aliquem
1056 1844 1139 1906 qui
1177 1842 1423 1890 dubitaret
1460 1841 1576 1904 quin
1614 1840 1813 1888 inventa

425 1920 571 1968 etiam
598 1927 725 1967 esset
741 1918 1024 1983 quadrantis
1044 1926 1094 1965 et
1114 1917 1340 1980 quadrati
1364 1916 1642 1980 aequalitas?
1677 1915 1812 1963 Wal-

425 1996 562 2044 lisius
587 2005 750 2043 tamen
775 2002 939 2059 negat.
997 1994 1125 2041 Nam
1151 1993 1298 2040 semel
1325 2001 1521 2056 recepta
1543 1992 1594 2040 in
1617 2006 1814 2055 geome-

427 2072 572 2119 triam
607 2071 847 2135 principia
884 2070 1043 2118 aliena
1069 2068 1327 2116 veritatem
1364 2067 1674 2131 quantumvis
1713 2066 1813 2115 evi-

428 2147 624 2194 dentem
649 2147 864 2204 turbant,
891 2153 940 2193 et
963 2160 1116 2209 opaca
1140 2144 1304 2192 onmia
1326 2144 1527 2192 faciunt.

495 2222 667 2285 Itaque
713 2230 769 2269 ut
809 2228 1042 2286 appareat
1080 2220 1429 2283 propositionis
1465 2219 1662 2278 veritas,
1699 2234 1816 2283 pur-

428 2297 591 2361 ganda
636 2297 754 2345 mihi
800 2306 875 2345 est
921 2313 951 2344 a
994 2296 1114 2344 faece
1152 2310 1375 2342 errorum
1415 2295 1815 2342 inveteratorum.

431 2372 580 2422 Quod
601 2379 656 2420 ut
678 2372 870 2428 faciam,
895 2370 1176 2419 renovanda
1199 2377 1274 2418 est
1296 2370 1469 2433 figura.

498 2449 700 2496 Rectam
725 2449 816 2506 Dz,
838 2448 937 2496 sive
962 2464 1020 2495 ze
1051 2447 1154 2510 (fig.
1171 2445 1278 2507 vii),
1299 2445 1535 2508 aequalem
1554 2459 1657 2491 esse
1681 2442 1818 2491 arcui

432 2525 528 2583 CL,
553 2523 605 2571 id
628 2531 717 2582 est,
745 2523 946 2571 dimidio
982 2538 1122 2570 arcus
1147 2520 1249 2579 CA,
1275 2519 1663 2568 demonstratum
1698 2518 1817 2566 satis

432 2608 509 2648 est
532 2599 594 2647 ad
622 2598 1020 2646 Controversiam
1038 2598 1137 2646 viii.
1185 2597 1275 2645 Est
1298 2604 1461 2645 autem
1485 2595 1574 2653 Dc,
1591 2611 1679 2659 per
1702 2610 1819 2643 con-

433 2674 769 2730 structionem,
808 2674 1007 2738 aequalis
1039 2680 1188 2722 rectae
1221 2671 1319 2720 DF.
1391 2671 1480 2719 Per
1504 2677 1741 2734 punctum
1764 2670 1818 2728 P,

434 2752 484 2800 in
504 2765 746 2799 concursu
764 2758 910 2797 rectae
930 2749 1015 2797 DF
1034 2756 1082 2796 et
1101 2763 1243 2796 arcus
1262 2747 1362 2804 CA,
1383 2746 1660 2794 Hobbesius
1684 2745 1820 2794 ducit

435 2836 620 2876 rectam
643 2826 739 2875 ΥΟ,
760 2825 1042 2889 parallelam
1065 2824 1207 2872 lateri
1234 2822 1332 2881 BC,
1358 2829 1408 2870 et
1432 2821 1743 2869 terminatam
1768 2821 1820 2868 in

436 2901 681 2966 diagonali
729 2900 815 2949 DB
837 2920 847 2948 :
896 2909 944 2948 et
991 2900 1104 2949 inde
1151 2899 1299 2948 infert
1341 2897 1638 2961 triangulum
1681 2895 1821 2955 DYQ
