1982 3204
390 256 485 298 314
944 266 1231 301 PRAEFATlo

386 377 623 439 praeteriti
648 377 827 426 dicitur
853 379 1183 443 experientia,
1209 387 1436 443 respectu
1459 379 1614 428 futuri
1638 397 1782 430 voca·

386 460 467 499 tur
503 454 809 517 expectatio:
848 462 904 501 ut
936 455 999 501 sit
1037 455 1327 503 multimodo
1369 457 1670 519 experientia
1705 473 1783 506 res

383 527 555 575 eadem
580 545 688 576 cum
706 530 998 593 prudentia,
1019 530 1119 578 sive
1143 530 1296 578 futuri
1320 531 1645 594 providentia,
1672 549 1782 596 quae

380 603 486 650 sine
522 605 825 667 experientia
861 605 995 652 nulla
1036 614 1124 654 est.
1198 606 1331 654 Hinc
1364 607 1563 670 ingenio
1599 608 1782 656 celeres

380 679 496 742 qui*
522 680 630 743 plus
655 680 839 728 habent
865 682 1196 744 experientiae,
1221 683 1580 745 prudentiores.

450 755 548 803 Qui
572 772 688 804 vero
723 757 1096 805 similitudinem
1126 758 1488 806 consecutionis
1513 767 1781 807 eventuum

381 830 704 880 observarunt
751 841 802 880 et
849 834 1196 891 meminerunt,
1240 834 1425 882 habent
1472 850 1780 898 consequens

378 907 737 967 antecedentis,
758 917 809 956 et
824 910 930 956 vice
948 925 1105 967 versa,
1121 910 1417 958 antecedens
1435 911 1780 974 consequentis

376 982 593 1046 Signum.
665 983 809 1032 Unde
843 984 998 1032 futuri
1029 993 1079 1033 et
1114 986 1352 1048 praeteriti
1385 1002 1446 1034 ex
1481 986 1595 1034 solis
1626 986 1779 1050 signis

376 1058 436 1109 fit
459 1059 766 1121 conjectura:
804 1067 853 1108 et
877 1076 1037 1109 causae
1057 1077 1114 1108 ac
1139 1062 1358 1120 effectus,
1384 1062 1447 1110 ob
1473 1078 1779 1124 consequen-

379 1132 498 1179 tiam
524 1133 666 1181 unius
690 1134 754 1182 ad
777 1134 1003 1194 alterum,
1029 1144 1144 1183 sunt
1173 1136 1387 1200 expertis
1423 1137 1564 1200 signa
1588 1146 1776 1186 mutua.

447 1207 571 1257 Cum
596 1217 760 1257 autem
780 1210 987 1258 duarum
1011 1227 1177 1259 rerum
1199 1212 1251 1259 in
1278 1212 1501 1260 sensione
1524 1221 1779 1276 percepta-

378 1298 488 1330 rum
526 1283 851 1333 differentiam
888 1286 1231 1349 imaginamur,
1256 1287 1340 1334 illa
1375 1288 1678 1351 comparatio
1703 1296 1778 1338 est

379 1358 628 1407 discursus
651 1360 873 1408 initium:
899 1377 1007 1424 quae
1029 1362 1138 1410 fieri
1160 1362 1333 1426 nequit
1349 1379 1462 1410 cum
1477 1379 1535 1411 ea
1551 1363 1776 1412 claritate

374 1451 473 1497 qua
491 1435 775 1484 ratiocinari
793 1436 1021 1494 solemus,
1035 1437 1131 1485 nisi
1150 1437 1349 1500 quidam
1366 1437 1451 1485 fixi
1467 1438 1776 1488 characteres

375 1528 406 1559 a
428 1511 570 1559 nobis
593 1512 824 1574 figantur,
851 1529 1060 1575 quorum
1096 1529 1189 1576 ope
1224 1514 1486 1576 praesentia
1509 1530 1621 1562 cum
1652 1530 1774 1578 prae-

376 1587 535 1635 teritis
560 1595 935 1636 connectamus:
961 1604 1083 1651 quos
1108 1588 1417 1638 characteres
1441 1589 1635 1638 nomina
1654 1589 1776 1638 dici-

378 1679 501 1720 mus,
527 1679 637 1726 quae
660 1679 751 1711 nos
769 1665 947 1726 juvant
970 1664 1034 1712 ad
1058 1680 1230 1713 causas
1254 1681 1418 1714 rerum
1443 1666 1773 1729 inspiciendas

370 1747 462 1786 aut
486 1738 868 1802 investigandas.
918 1739 1181 1788 Quomodo
1201 1742 1330 1788 enim
1354 1757 1449 1800 res,
1470 1750 1555 1790 aut
1578 1742 1774 1790 illarum

376 1814 720 1877 phantasmata
744 1825 1164 1878 compararentur,
1189 1816 1283 1864 nisi
1313 1817 1603 1880 quibusdam
1626 1833 1774 1866 voca-

377 1889 518 1947 bulis,
554 1889 706 1937 veluti
738 1891 950 1950 tesseris,
987 1891 1037 1939 in
1070 1892 1358 1941 memoriam
1393 1894 1770 1942 revocarentur?

379 1966 569 2014 Quibus
611 1981 723 2019 cum
763 1966 935 2014 bestiae
982 1974 1197 2026 careant,
1245 1968 1509 2031 plurimum
1555 1985 1585 2016 a
1629 1969 1773 2018 nobis

376 2041 634 2089 recedunt:
672 2042 852 2105 quippe
888 2059 988 2090 non
1022 2043 1332 2107 distinguunt
1367 2060 1443 2092 res
1478 2061 1508 2092 a
1538 2045 1772 2108 phantas-

369 2117 605 2175 matibus,
640 2133 732 2165 nec
767 2117 868 2165 ulla
902 2118 1153 2182 voluptate
1194 2127 1521 2184 praeterquam
1559 2121 1771 2169 sensuali

368 2192 620 2240 fruuntur.

442 2268 551 2316 Vox
590 2268 756 2332 itaque
793 2268 1010 2317 humana
1052 2286 1198 2334 quam
1245 2270 1391 2318 rebus
1432 2269 1768 2333 significandis

374 2343 684 2406 imponimus,
713 2343 919 2392 eandem
944 2345 995 2392 in
1019 2345 1160 2393 nobis
1196 2345 1594 2408 imaginationem
1620 2362 1767 2410 quam

373 2420 480 2482 ipsa
504 2435 580 2468 res
611 2427 830 2483 generat.
905 2420 1221 2484 Quapropter
1256 2437 1558 2484 quaecunque
1591 2421 1768 2470 similia

368 2504 502 2554 sunt,
521 2511 702 2543 nomen
721 2495 918 2558 aliquod
936 2512 1195 2543 commune
1220 2495 1383 2544 sortiri
1402 2495 1606 2545 debent:
1632 2497 1766 2560 quod

371 2579 633 2635 propterea
670 2570 850 2618 dicitur
881 2570 1176 2627 universale,
1213 2571 1327 2619 licet
1359 2587 1436 2619 res
1476 2572 1766 2635 significatae

368 2647 469 2699 sint
492 2645 826 2710 particulareS,
852 2654 908 2693 ut
945 2662 1057 2694 cum
1081 2645 1246 2694 album
1281 2654 1379 2695 tam
1415 2647 1476 2695 de
1499 2664 1592 2696 ovo
1617 2664 1764 2712 quam

1006 2847 1028 2869 ⁴¹*
1051 2846 1127 2886 Sic.
