1982 3204
270 792 355 835 370

268 1461 353 1501 380

267 2125 353 2166 390

395 272 490 314 336
737 283 808 316 DE
846 283 1220 318 MIRABILIBUS
1266 283 1442 318 PECCI.

393 390 537 434 Labra
556 391 770 436 reclinatae
792 393 988 451 signabat
1010 410 1134 437 saxea
1153 394 1254 451 ripae

394 457 543 508 Linea,
566 473 693 513 quam
714 458 859 502 latices
880 460 960 516 ipsi
981 460 1118 503 fecere
1139 467 1366 510 tumentes,

396 523 620 581 Subnigris
640 525 751 568 saxis
770 526 895 569 modo
915 526 1174 569 detumuisse
1195 526 1365 582 reperti.

392 589 510 646 Ergo
530 597 711 634 cessatos
731 591 885 634 iterum
901 598 1125 648 expectare
1144 592 1308 635 labores

392 655 548 707 Taedit‚
571 663 615 700 et
634 658 865 714 improbius
886 658 1023 701 visum
1044 664 1121 701 est.
1182 657 1412 700 Discedere
1432 673 1602 714 prorsus

392 722 590 765 Admotis
609 739 881 780 properamus
901 724 1035 780 equis.
1094 723 1197 767 Jam
1211 724 1386 779 jamque
1406 725 1610 767 abeuntes

392 787 619 832 Concussis
639 806 884 834 revocamur
904 791 1042 846 aquis:
1065 790 1335 846 liquidosque
1355 790 1546 834 videmus

391 855 553 898 Attolli
572 857 732 908 latices,
755 858 997 913 sensimque
1018 858 1201 914 irrepere
1223 857 1349 900 saxis.

387 921 577 978 Jamque
597 923 685 966 fere
705 924 830 980 pleno
851 925 1032 967 saltabat
1051 924 1213 967 fervida
1234 924 1352 967 fonte

388 987 601 1045 Lympha,
623 990 754 1041 velut,
775 990 947 1033 rabidus
966 1005 1063 1033 cum
1084 990 1281 1033 subditur
1300 990 1411 1047 ignis
1431 989 1578 1041 aheno,

387 1054 548 1098 Nescia
567 1062 677 1098 stare
698 1056 790 1099 loco
809 1055 970 1112 refugit
990 1071 1147 1099 saevum
1167 1056 1282 1098 unda
1301 1056 1532 1108 metallum,

389 1119 502 1164 Cum
517 1122 645 1177 juxta
664 1113 826 1164 fontem
847 1121 1043 1165 condicto
1062 1122 1226 1164 rivulus
1247 1129 1346 1165 ortu

387 1186 590 1244 Erumpit
609 1187 764 1238 subito,
787 1202 913 1244 super
932 1187 1160 1242 infusoque
1180 1188 1346 1243 liquore

386 1252 573 1296 Praestat
592 1268 715 1308 aquae
736 1253 881 1296 solitos
902 1260 1038 1296 auctae
1059 1253 1307 1310 contingere
1327 1254 1444 1297 fines.

389 1319 488 1373 Quo
508 1320 713 1377 perducta
732 1320 889 1362 iterum
909 1319 1126 1370 decrescit,
1143 1327 1187 1363 et
1207 1320 1320 1363 illico
1340 1320 1422 1363 rivi

386 1386 584 1443 Desuper
602 1386 780 1429 immissi
799 1386 1081 1443 restinguitur
1099 1386 1297 1443 impetus,
1319 1392 1364 1429 et
1384 1401 1478 1442 quae

386 1452 627 1510 Respuerat
646 1452 804 1509 repetit
823 1452 971 1495 sitiens
992 1467 1069 1494 sua
1087 1452 1240 1508 pocula
1259 1452 1398 1495 tellus.

385 1518 594 1562 Distraeti
613 1519 750 1562 laticis
770 1534 867 1576 pars
888 1518 1025 1561 effluit
1044 1520 1179 1562 altera
1199 1519 1302 1576 ripis

385 1585 538 1628 Fontis
555 1604 567 1636 ;
600 1592 774 1643 pertuso
793 1585 979 1628 infertur
998 1600 1094 1642 pars
1115 1585 1248 1628 altera
1267 1585 1414 1628 fundo.

384 1651 424 1694 F
426 1659 608 1707 urtaque
628 1651 831 1695 muscosis
852 1658 998 1707 erepta
1017 1651 1231 1694 levissima
1250 1651 1376 1702 saxis,

386 1717 677 1774 Graminaque
697 1725 742 1761 et
760 1718 924 1775 paleam
944 1724 988 1760 et
1009 1717 1151 1760 tenuis
1174 1717 1454 1775 praesegmina
1473 1716 1643 1768 ehartae,

388 1784 488 1829 Sive
509 1785 624 1828 aliud
645 1785 875 1841 quiequam
895 1799 1026 1840 parva
1047 1784 1285 1840 superabile
1304 1783 1479 1841 lympha

385 1851 622 1908 Injieimus,
643 1851 810 1894 rediens
830 1850 962 1893 infert
981 1849 1027 1892 in
1047 1849 1208 1894 viscera
1227 1856 1364 1893 terrae.

385 1917 574 1974 Jamque
594 1917 747 1960 humili
767 1916 878 1960 fonti
897 1915 1095 1973 proprius
1115 1916 1188 1959 vix
1209 1915 1403 1959 constitit
1421 1915 1587 1966 humor,

388 1983 501 2028 Cum
520 1984 702 2027 redeunt
720 1983 903 2033 fluetus3
934 1982 1091 2025 iterum
1119 1997 1198 2026 ceu
1217 1982 1335 2026 febre
1354 1982 1518 2025 laborat

388 2050 521 2094 Unda
539 2057 747 2100 tremens3
779 2049 936 2092 iterum
956 2055 1111 2092 aestuat
1122 2065 1133 2100 ;
1165 2055 1374 2104 auctaque
1394 2047 1579 2106 lymphis

388 2116 593 2159 Externis
613 2116 768 2160 iterum
788 2115 994 2172 tropicam
1014 2114 1277 2172 contingere¹
1298 2121 1456 2158 metam

391 2182 572 2233 Sufficit,
593 2189 767 2239 accepto
786 2182 932 2226 velans
953 2197 1030 2224 sua
1048 2181 1195 2224 littora
1213 2181 1373 2224 fluctu:

387 2250 543 2305 Atque
562 2249 717 2292 iterum
738 2248 908 2291 residet.
970 2247 1056 2291 Sed
1074 2263 1152 2290 nos
1171 2254 1290 2290 vetat
1308 2246 1476 2290 umbra.²
1495 2244 1660 2295 morari,

388 2315 557 2359 Umbra
577 2314 812 2372 Giganteas
831 2314 1012 2357 mentita
1031 2313 1216 2357 colossea
1234 2313 1402 2357 formas.

387 2380 658 2424 Maturamus
677 2381 782 2430 iter3
806 2380 879 2423 sed
899 2379 1129 2436 quaerimus
1148 2379 1261 2422 inter
1289 2378 1490 2429 eundum,

389 2448 692 2504 Conamurque
711 2447 827 2490 omni
846 2446 999 2490 collato
1019 2445 1178 2489 discere
1198 2445 1319 2502 signo

387 2514 556 2558 Abdita
575 2529 672 2570 quae
692 2520 862 2558 tantum
882 2511 1067 2556 concivit
1086 2527 1211 2555 eausa
1229 2510 1476 2554 tumultum.

386 2580 434 2623 N
436 2596 504 2624 am
523 2596 663 2637 neque
683 2580 858 2630 salsedo,
878 2594 1018 2635 neque
1039 2578 1143 2634 quid
1163 2593 1385 2622 commune
1405 2575 1578 2619 marinis

387 2647 473 2690 His
491 2646 702 2704 reperitur
719 2646 842 2703 aquis
857 2661 868 2696 ;
900 2645 1082 2689 Phoebes
1097 2644 1159 2687 nil
1177 2644 1362 2702 imputat
1379 2651 1494 2687 astro

386 2713 504 2758 Fons
523 2714 606 2765 hic,
625 2713 888 2771 temporibus
906 2727 986 2755 nec
1004 2711 1171 2755 tollitur
1189 2710 1261 2768 (ut
1278 2710 1416 2768 mare)
1435 2709 1586 2759 certis3

432 2848 442 2870 ¹
462 2846 543 2888 Quo
575 2852 734 2894 provecta
759 2846 891 2881 solebat
925 2844 1059 2880 decres-
1153 2845 1167 2867 ²
1185 2843 1276 2880 Solis
1284 2843 1360 2890 jam
1377 2843 1575 2879 occidentis.

384 2914 470 2938 cere.
