1982 3204
586 299 844 336 onasum&
870 299 1092 333 nnuvm.
1474 290 1537 340 75

146 414 283 464 illum
313 414 526 462 voluisse
557 422 696 478 puto,
730 412 1134 476 impedimentum
1170 426 1276 459 esse
1308 411 1540 475 ponderis
1576 426 1687 454 mor.
1709 424 1800 451 xm.

144 492 296 556 ipsius
319 492 564 549 effectum,
588 490 639 538 id
673 499 763 548 est,
787 487 981 552 pondus
1014 487 1214 535 sibimet
1249 487 1341 550 ipsi
1378 487 1541 536 facere

146 567 568 631 impedimentum.
643 564 791 615 Quod
815 572 890 612 est
911 562 1191 611 absurdum.
1454 575 1459 578 ·

215 642 340 691 Quis
385 655 602 704 unquam
648 647 901 704 geometra
946 638 1310 686 conclusionem
1358 638 1540 697 intulit,

147 718 287 781 cujus
326 716 525 765 termini
569 716 689 775 (sive
723 716 998 779 subjectum
1038 722 1086 762 et
1126 713 1463 777 praedicatum,
1487 723 1543 762 ut

147 792 416 856 loquuntur
430 791 600 855 logici)
618 807 719 839 non
742 791 927 839 fuerint
951 799 1066 838 ante
1091 789 1297 838 definiti.
1339 790 1540 837 Praeter-

148 884 223 926 ea,
261 867 491 932 quoniam
542 874 647 914 toto
688 866 784 914 hoc
829 867 990 930 capite
1036 865 1254 928 loquitur
1301 864 1362 912 de
1408 871 1542 931 mog-4

147 944 502 1003 universaliter,
538 951 587 991 et
619 944 1005 1007 propositionem
1043 941 1414 1005 intelligendam
1439 934 1545 990 esse

150 1021 272 1070 dicit
293 1021 355 1068 de
380 1019 630 1083 quibusvis
653 1020 761 1068 aliis
787 1019 969 1067 viribus
989 1017 1247 1066 contrariis
1268 1036 1279 1064 ε
1305 1032 1545 1080 suppona-

149 1112 258 1145 mus
279 1096 472 1160 pondus
503 1095 554 1143 iu
586 1103 770 1143 terram
803 1095 866 1143 ab
906 1095 1006 1142 alto
1044 1092 1368 1142 descendere:
1403 1092 1547 1141 cadet

148 1179 314 1221 autem
336 1179 476 1219 motu
512 1171 744 1219 continue
775 1170 1066 1227 accelerato,
1097 1168 1194 1216 nisi
1227 1176 1362 1216 terra
1394 1168 1548 1231 impe-

150 1247 269 1305 diat,
293 1261 447 1310 usque
470 1245 534 1294 ad
570 1254 809 1294 centrum.
884 1246 1066 1295 Quaero
1097 1246 1197 1306 jam
1238 1259 1302 1291 an
1339 1259 1400 1291 ex
1435 1243 1547 1297 hoc,

150 1322 283 1388 quod
303 1323 351 1370 si
367 1322 568 1387 pondus
594 1322 631 1370 P
653 1322 859 1386 impedit
891 1328 945 1369 ut
967 1322 1006 1380 Ι,
1031 1327 1146 1368 tunc
1175 1319 1248 1368 2P
1277 1319 1550 1384 impedient

151 1405 206 1447 nt
229 1398 304 1457 21,
327 1397 537 1446 inveniri
560 1398 716 1461 possit
754 1397 1011 1462 proportio
1034 1395 1267 1460 ponderis
1290 1397 1568 1459 cujuscun-¹

153 1490 248 1539 que
287 1475 418 1533 (cum
455 1474 520 1520 sit
559 1473 752 1536 pondus
789 1472 991 1537 aliquid)
1025 1471 1089 1520 ad
1129 1471 1550 1534 impedimentum,

152 1549 284 1614 quod
305 1557 470 1597 motus
493 1563 593 1597 non
618 1556 708 1597 est.
779 1549 964 1597 Omnes
1001 1564 1120 1611 ergo
1161 1547 1401 1594 hactenus
1438 1563 1552 1609 pro-

152 1625 424 1688 positiones
448 1626 554 1687 eJus
588 1625 666 1672 vel
695 1625 846 1681 falsae,
868 1624 948 1672 vel
970 1624 1160 1682 alienae,
1185 1623 1263 1671 vel
1286 1624 1348 1671 ab
1368 1623 1452 1671 illo
1477 1623 1551 1671 in-

155 1699 503 1749 demonstratae
527 1707 656 1748 sunt.

336 1900 781 1935 PROPOSITIONES
819 1899 939 1945 XIV,
961 1900 1058 1944 XV,
1083 1900 1205 1943 xvl,
1229 1900 1372 1934 XVII.

224 1995 348 2052 Quce
367 2011 433 2043 ex
461 1992 772 2059 longitudine
803 1993 1135 2058 transigenda
1171 1993 1423 2042 resultant
1459 2009 1555 2040 mo-

158 2078 238 2120 tus
279 2070 642 2137 impedi-menta,
678 2075 793 2118 sunt
832 2068 1226 2134 longitudinibus
1264 2068 1558 2135 proportio-

158 2147 313 2196 nulia.

229 2222 462 2287 Quodque
509 2221 573 2270 cle
618 2220 1012 2287 longitudinibus
1057 2221 1260 2280 dicitur,
1302 2221 1369 2269 de
1410 2219 1561 2268 medii

160 2299 426 2355 densitate,
474 2297 763 2352 tenacitate,
810 2303 898 2344 aut
938 2297 1093 2345 simili
1138 2297 1311 2361 quovis
1357 2295 1560 2360 impedi-

158 2381 335 2432 mento,
358 2372 564 2438 pariter
587 2372 844 2420 dicendum
868 2371 981 2421 erit.
1052 2371 1126 2420 Et
1148 2371 1385 2420 similiter
1410 2371 1461 2419 in
1483 2386 1562 2418 se-

161 2448 431 2515 quentibus.

229 2525 370 2574 Falsa
389 2531 492 2572 est:
517 2538 632 2572 uam
650 2530 707 2571 ut
723 2522 982 2587 longitudo
1006 2522 1243 2587 impediat
1262 2531 1468 2582 motum,
1488 2522 1563 2570 in-

163 2600 423 2664 cogitabile
447 2607 537 2647 est.
607 2599 801 2647 Motum
826 2599 957 2646 enim
981 2599 1105 2647 nihil
1138 2599 1359 2663 impedit,
1380 2606 1564 2662 praeter

165 2683 356 2723 motum
380 2674 460 2723 vel
478 2682 717 2723 *conatum
740 2674 1058 2723 contrarium.
1127 2675 1271 2723 Anne
1294 2675 1458 2722 minus
1480 2690 1563 2721 ve-

166 2749 339 2798 !oeiter
357 2750 449 2798 ibit
466 2765 638 2798 cursor
669 2750 733 2798 ad
760 2749 973 2813 primum
1004 2750 1068 2798 ab
1086 2750 1215 2798 urbe
1247 2749 1478 2814 lapidem,
1504 2764 1563 2796 eo

167 2825 302 2890 quod
323 2825 518 2891 longius
549 2826 612 2874 ab
646 2826 770 2873 urbe
805 2825 958 2873 distat
991 2825 1115 2889 lapis
1152 2825 1395 2874 secundus
1418 2839 1564 2888 quam

169 2900 356 2963 primus
376 2899 394 2948 ἓ
452 2900 587 2950 Quid
610 2901 707 2949 sibi
730 2900 811 2948 hic
834 2900 940 2948 vult
962 2915 1063 2948 non
1086 2900 1451 2958 intellexissem,
1469 2898 1564 2946 nisi
