1982 3204
599 296 857 332 ansunA
883 294 1102 329 naevis.
1486 281 1544 326 61

166 416 270 459 tam
293 407 367 456 ad
386 413 542 455 terroe
564 413 796 463 centrum,
818 403 900 453 vel
919 403 1070 451 etiam
1099 399 1286 450 rectam
1309 401 1554 449 horizonti
1584 415 1719 443 unm.
1741 414 1827 449 ιιι,

155 481 645 549 perpendicularem,
680 479 911 544 intellige
945 477 1123 526 lineam
1159 476 1445 525 directionis
1479 476 1554 524 vis
1606 468 1798 538 XL

166 558 404 607 ’κοτε-ἱείς.
474 556 578 605 Per
599 556 883 612 descensum
899 551 957 601 'et
986 568 1255 609 ascensum,
1285 552 1555 616 appropin-

169 634 450 699 quationem
468 638 518 680 et
540 630 896 696 elongationem
918 645 951 676 a
974 628 1184 676 termino
1207 627 1282 674 vis
1306 626 1555 674 motricie:

163 725 266 775 per
287 715 479 757 rectam
501 704 868 764 horizontatem,
892 703 971 752 vel
999 701 1307 751 horizontale
1335 701 1556 766 planum,

170 791 378 842 rectam,
401 799 487 831 seu
500 781 723 846 planum,
747 779 891 828 lineoe
919 777 1213 827 directionis
1234 776 1467 825 moventis
1491 774 1562 823 ad

171 858 388 925 angulos
410 863 586 906 rectos.
628 856 734 904 Per
751 855 1050 912 descensum,
1068 852 1148 900 vel
1164 868 1417 900 ascensum
1434 850 1559 939 ooll-

172 951 334 1000 quum,
348 933 579 982 lationem
592 931 854 979 secundum
873 930 1053 978 lineam
1070 945 1180 992 quoe
1202 927 1381 976 lineam
1399 926 1562 974 direc-

176 1009 329 1058 tionis
363 1006 599 1056 moventis
631 1004 829 1070 oblique
850 1010 1007 1063 secat,
1033 1003 1107 1051 ad
1136 1002 1371 1051 moventis
1393 1001 1563 1049 termi-

174 1101 288 1134 num
320 1081 618 1140 accedendo,
651 1080 732 1129 vel
762 1080 879 1129 inde
910 1077 1205 1128 recedendo.
1276 1077 1564 1140 Caeteraqne

174 1157 407 1208 similiter
428 1155 792 1205 accomodando
815 1161 942 1203 sunt.

244 1232 527 1291 Machina-5,
552 1230 767 1297 appello,
792 1231 1119 1279 instrumenta
1150 1229 1357 1278 motibus
1380 1228 1563 1276 exami-

178 1308 375 1367 nandis,
399 1305 480 1356 vel
498 1306 1000 1370 etiamfaeihtandis,
1010 1307 1302 1371 forinsecus
1319 1304 1567 1353 adhibita.

247 1384 307 1432 In
330 1383 619 1432 definitione
641 1383 741 1443 xxi,
766 1383 884 1431 dum
917 1383 1212 1446 gravitatem
1235 1380 1494 1444 distinguit
1516 1380 1569 1427 in

181 1460 352 1510 stricte
375 1467 427 1508 et
450 1459 607 1508 laxius
630 1466 899 1523 acceptam,
923 1467 1182 1522 utramque
1205 1458 1258 1506 in
1281 1473 1430 1504 unam
1453 1471 1570 1504 ean-

183 1535 392 1599 demque
409 1533 684 1583 confundit.
753 1534 1055 1583 Gravitatem
1073 1533 1204 1582 enim
1221 1532 1379 1581 laxius
1396 1547 1571 1594 accep-

182 1619 302 1670 tam,
349 1609 450 1658 vim
493 1609 751 1658 motricem
798 1625 903 1657 esse
955 1609 1076 1657 dicit
1127 1609 1179 1656 in
1230 1621 1572 1672 quamcunque

183 1686 396 1751 plagam.
465 1684 657 1733 Deinde
679 1700 768 1749 per
796 1692 1020 1733 centrum
1050 1692 1197 1732 terrae
1224 1683 1498 1746 intelligere
1520 1696 1574 1729 se

186 1761 324 1819 dicit,
346 1761 613 1809 terminum
637 1777 733 1824 quo
758 1759 918 1808 tendit
940 1759 1014 1808 vis
1047 1759 1131 1807 illa
1153 1758 1349 1807 motrix.
1419 1756 1576 1807 Quasi

187 1836 322 1900 qnod
355 1835 515 1884 tendit
549 1836 614 1884 ad
648 1844 872 1884 centrum
907 1844 1069 1894 terrae,
1102 1850 1205 1884 non
1238 1849 1345 1882 esse
1377 1848 1491 1881 vere
1524 1838 1576 1881 et

187 1912 386 1977 proprie
410 1911 672 1960 dicendum
694 1927 859 1975 grave.

255 1987 315 2036 In
330 1987 615 2036 definitione
633 1987 751 2046 xxii,
769 2003 881 2052 quae
898 1996 972 2035 ωε
987 1985 1174 2042 ultima,
1189 1983 1456 2032 machinam
1470 1998 1577 2031 esse

190 2062 311 2112 dicit
340 2063 724 2111 instrumentum
757 2062 972 2111 motibus
992 2060 1289 2110 facilitandis
1310 2059 1579 2108 forinsecus

191 2137 483 2187 adhibitum.
553 2137 734 2186 Nonne
770 2137 822 2186 id
848 2145 984 2186 recte
1008 2135 1270 2185 dicendum
1293 2142 1369 2183 est
1392 2133 1579 2182 condu-

193 2229 306 2263 cere
323 2213 387 2262 ad
404 2221 591 2262 motum
609 2213 742 2277 quod
765 2214 920 2262 motui
941 2211 1229 2261 facilitando
1247 2210 1579 2259 adhibendum

194 2287 303 2337 ωε.)
349 2289 584 2338 Machina
605 2304 740 2353 erge,
757 2304 847 2353 per
862 2289 991 2338 illius
1008 2287 1343 2336 definitionem
1365 2286 1582 2345 tertiam,

195 2371 272 2413 est
294 2371 614 2412 momentum.

263 2439 598 2489 Pei-currimus
624 2439 863 2487 hactenus
897 2438 1222 2496 definitioneS,
1244 2437 1294 2486 in
1321 2437 1497 2501 quibus
1519 2451 1583 2483 ne

195 2530 297 2564 una
314 2514 511 2578 quidem
530 2530 642 2578 quae
660 2530 761 2562 non
779 2513 976 2562 aliunde
995 2513 1253 2576 desumpta
1269 2512 1349 2571 sit,
1368 2519 1443 2560 oet
1464 2510 1585 2573 legi-

198 2589 337 2639 tima.
403 2590 677 2638 Potuerunt
707 2589 859 2653 igitur
889 2588 1051 2637 omitti
1083 2603 1268 2646 omnes,
1292 2595 1349 2636 ut
1379 2602 1586 2650 quarum

198 2663 365 2714 nulla*
389 2665 596 2714 inseruit
631 2664 698 2713 ad
734 2665 973 2713 doctrinae
1011 2665 1251 2713 institutae
1286 2663 1585 2711 demonstra·

202 2738 376 2789 tiones.
444 2739 596 2804 Cujus
642 2740 985 2805 ineptitudinis
1023 2739 1120 2788 alia
1154 2754 1304 2788 causa
1342 2754 1446 2787 esse
1485 2753 1585 2786 non

723 2902 746 2927 ⁸
769 2900 835 2941 Sic
852 2901 945 2941 edit.
970 2901 1083 2941 1671.
