1982 3204
395 270 487 317 190
690 281 980 331 PRJNcuuA
1006 281 1074 315 ΕΤ
1100 280 1473 315 PROBLEMATA

133 407 223 434 CAP-
244 408 332 435 vm.
390 390 542 441 CDu:
578 392 672 441 erit
708 408 850 440 arcus
874 391 946 441 Cu
969 392 1079 440 duae
1102 392 1285 455 quintae
1309 407 1450 439 arcus
1475 391 1575 439 CL.
1642 392 1775 456 Ergo

146 493 191 521 1)e
204 494 314 522 mmm.
389 483 500 515 cum
526 467 607 517 CL
631 468 694 516 sit
713 474 792 527 30,
818 468 911 516 erit
935 467 1005 516 Cu
1037 474 1109 516 12.
1182 467 1426 516 Quoniam
1447 473 1611 515 autem
1633 483 1775 516 arcus

143 537 349 574 ‘mmmm‘
389 543 489 602 LV,
515 543 593 592 ΟΡ
617 551 732 592 sunt
766 543 990 607 aequaleS,
1018 544 1110 590 erit
1143 543 1226 590 CV
1257 541 1342 594 12}
1367 558 1574 606 quorum
1598 543 1678 591 LC
1702 551 1776 591 est

390 624 469 668 30.
541 620 706 669 Quare
752 626 857 667 tum
895 619 977 666 LV
1001 626 1106 667 tum
1143 618 1220 666 CP
1254 619 1346 666 erit
1379 619 1480 676 173,
1511 624 1561 666 et
1596 618 1662 666 Pe
1698 618 1777 666 vel

387 695 459 743 eV
483 694 559 752 23,
584 702 633 743 et
657 695 738 743 PV
762 694 839 742 vel
864 695 938 742 Ke
963 700 1008 742 5.

458 770 510 819 Si
545 786 785 834 ponamus
822 786 991 818 arcum
1032 769 1116 816 CL
1156 784 1261 817 esse
1293 774 1373 827 45,
1408 767 1579 815 eadem
1610 775 1777 816 tamen

389 847 666 895 invenietur
707 847 831 894 ratio
869 845 1175 908 angulorum.
1245 845 1354 892 Erit
1390 843 1521 891 enim
1552 843 1656 901 LK,
1682 843 1776 902 Kk,

389 921 460 972 kC
486 923 666 986 singuli
697 928 780 970 15:
816 930 866 970 et
902 923 985 980 Le,
1022 920 1087 970 eC
1126 929 1332 984 uterque
1373 926 1491 982 223:
1527 926 1576 967 et
1602 919 1676 966 Ke
1700 922 1776 976 73,

389 998 468 1047 LP
499 1000 600 1052 18ἓ,
672 998 837 1046 Quare
863 997 944 1044 CP
967 996 1060 1044 erit
1083 998 1190 1054 2642,
1215 1004 1266 1044 et
1289 996 1373 1043 LV
1395 994 1702 1053 tantundem,
1728 1002 1778 1042 et

390 1073 478 1121 CV
508 1077 607 1130 182.
676 1074 786 1121 Jam
833 1073 918 1125 18}
963 1072 1071 1135 plus
1114 1077 1205 1132 262}
1243 1070 1431 1119 faciunt
1473 1076 1553 1118 45.
1624 1070 1777 1133 Atqui

389 1149 561 1198 eadem
599 1156 673 1197 est
711 1149 836 1196 ratio
871 1154 929 1197 10
965 1147 1029 1195 ad
1066 1154 1093 1194 5
1139 1163 1246 1210 quae
1284 1153 1339 1196 15
1374 1146 1437 1195 ad
1461 1149 1534 1205 7³2».
1604 1146 1778 1194 Manet

389 1226 542 1289 igitur
585 1227 797 1285 firmum,
845 1223 977 1287 quod
1013 1224 1218 1286 angulus
1266 1223 1398 1271 EDC
1437 1223 1500 1270 ad
1542 1222 1777 1285 angulum

389 1301 518 1351 LDC
542 1302 852 1349 semirectum
875 1307 949 1348 est
971 1308 1027 1348 ut
1058 1302 1142 1359 1735
1165 1299 1226 1347 ad
1251 1305 1330 1355 30,
1349 1306 1397 1346 et
1421 1298 1483 1346 ad
1503 1299 1580 1346 LP
1602 1306 1659 1345 ut
1689 1301 1773 1358 171}

387 1377 451 1425 ad
482 1381 584 1435 123,
622 1377 721 1424 sive
745 1383 802 1423 ut
821 1379 850 1430 7
876 1375 939 1423 ad
965 1381 1027 1422 5:
1064 1382 1113 1422 et
1136 1374 1200 1422 ad
1231 1374 1335 1432 LK,
1372 1390 1482 1437 quae
1518 1381 1593 1421 est
1623 1379 1696 1430 10,
1720 1381 1777 1422 ut

387 1455 417 1508 7
443 1452 507 1501 ad
531 1457 578 1501 4.
649 1452 902 1500 Habemus
933 1466 1050 1515 ergo
1087 1450 1254 1514 anguli
1290 1450 1419 1498 EDC
1451 1450 1776 1514 quantitatem

386 1544 487 1577 non
510 1535 624 1577 ante
648 1527 914 1592 cognitam.

955 1824 1093 1873 CAP.
1119 1825 1209 1872 IX.

613 1925 688 1973 De
710 1924 904 1980 solidis,
929 1931 979 1972 et
1001 1940 1161 1972 eorum
1185 1923 1552 1988 superficiebus,

393 2025 557 2074 Cubus
579 2026 652 2074 ad
670 2025 767 2073 sibi
792 2024 1082 2090 inscriptum
1115 2022 1386 2087 cylindrum
1409 2030 1484 2071 est
1506 2030 1560 2071 ut
1585 2029 1612 2071 5
1638 2023 1711 2072 ad
1728 2029 1775 2071 4.

390 2142 428 2176 1.
483 2128 576 2175 SIT
631 2126 762 2174 enim
810 2126 964 2174 cubus
1018 2125 1156 2187 cujus
1197 2124 1325 2172 basis
1368 2133 1442 2172 est
1483 2123 1778 2187 quadratum

387 2203 581 2252 ABCD.
619 2202 872 2252 Quadrato
896 2201 1011 2248 hinc
1035 2200 1327 2248 inscribatur
1351 2200 1560 2248 circulus
1584 2199 1775 2248 GEHF.

387 2280 475 2328 Est
499 2295 632 2342 ergo,
655 2294 743 2342 per
766 2294 870 2341 cap.
891 2275 1186 2340 praecedens,
1209 2275 1502 2338 quadratum
1521 2274 1696 2323 ABCD
1715 2274 1779 2322 ad

389 2355 625 2404 circulum
661 2354 838 2402 GEHF
868 2360 923 2400 ut
949 2358 975 2400 5
1001 2351 1064 2399 ad
1088 2357 1135 2398 4.
1207 2352 1365 2414 Super
1401 2350 1566 2399 omnia
1594 2359 1779 2414 puncta

387 2430 601 2478 ambitus
639 2437 744 2477 tum
778 2427 1006 2491 quadrati
1030 2426 1207 2474 ABCD
1249 2434 1354 2473 tum
1394 2426 1564 2474 circuli
1601 2425 1779 2474 GEHF

387 2505 725 2569 intelligantur
749 2510 920 2551 erectae
943 2501 1384 2565 perpendiculares,
1403 2517 1610 2564 quarum
1632 2500 1778 2549 unius

388 2582 625 2645 cujusque
661 2578 868 2628 altitudo
907 2578 972 2626 sit
1008 2577 1205 2641 aequalis
1242 2576 1490 2624 altitudini
1530 2576 1624 2624 EF.
1697 2577 1779 2625 Sic

388 2657 518 2704 enim
546 2656 640 2704 erit
672 2654 943 2717 descriptus
979 2653 1130 2701 cubus
1153 2668 1251 2700 una
1286 2668 1398 2700 cum
1430 2652 1652 2716 cylindro
1686 2652 1779 2701 sibi

387 2732 649 2796 inscripto:
685 2739 735 2779 et
757 2730 885 2778 basis
910 2729 1022 2778 cubi
1045 2728 1108 2776 ad
1131 2729 1299 2777 basem
1322 2728 1531 2792 cylindri
1551 2728 1644 2776 erit
1666 2734 1722 2777 ut
1747 2734 1774 2777 5

388 2809 453 2857 ad
476 2815 523 2857 4.
592 2808 796 2856 Planum
820 2812 983 2855 autem
1008 2804 1140 2868 quod
1162 2811 1295 2853 secat
1320 2804 1595 2869 cylindrum
1618 2811 1670 2852 et
1693 2819 1780 2852 cu-

387 2886 506 2934 bum
532 2884 637 2933 basi
667 2882 942 2947 paralle1038‚
973 2882 1122 2931 faciet
1158 2881 1336 2945 ubique
1371 2880 1638 2929 sectionem
1660 2895 1778 2944 qua-
