1982 3204
702 291 787 325 13121
796 291 891 324 STo
900 290 992 324 ωε.
1438 280 1533 323 293

155 406 310 470 gravi,
325 413 376 454 et
394 405 665 470 impediunt
683 412 867 453 motum
883 403 1035 452 totius
1050 409 1247 466 propter
1266 403 1535 451 consisten-
1571 405 1795 479 gssffifflssnm

154 483 273 531 tiam
298 483 417 546 ejus.
489 481 545 529 Id
578 489 743 528 tamen
767 479 988 528 accidere
1016 494 1115 526 non
1139 485 1300 540 potest
1323 478 1536 526 materiae
1588 471 1775 518 ψὴν-ν’

156 557 338 615 subtili,
358 573 468 620 quae
492 564 541 604 et
564 556 714 604 fluida
732 564 805 603 est
828 554 1052 610 maxime,
1069 560 1118 600 et
1141 551 1340 599 minime
1358 553 1535 615 gravis.

156 632 299 681 Adde
322 632 454 696 quod
486 647 663 694 corpus
697 630 896 694 planum
930 628 1118 677 facilius
1143 636 1367 675 movetur
1391 642 1538 691 super

155 716 370 771 tapetem
394 707 602 755 sericum
639 704 888 769 sequendo
922 703 1287 751 inclinationem
1311 702 1535 765 pilorum,

156 782 303 831 modo
327 783 609 830 extremitas
628 780 844 843 corporis
867 780 988 827 moti
1012 778 1286 842 promineat
1309 778 1438 826 ultra
1456 793 1538 825 ex-

155 858 451 907 tremitatem
474 857 665 920 tapetis,
684 864 733 903 et
755 855 1004 918 supposito
1029 853 1159 917 quod
1183 862 1320 917 tapes
1343 869 1538 916 pressus

157 950 258 982 non
297 941 502 981 conetur
542 948 593 979 se
630 931 902 978 restituere.
975 930 1099 979 Quae
1139 929 1302 977 omnia
1335 928 1540 991 impedi-

157 1017 323 1057 menta
357 1008 536 1056 absunt
573 1023 604 1055 a
641 1014 780 1054 motu
818 1006 1035 1054 materiae
1075 1004 1264 1053 subtilis
1305 1020 1394 1068 per
1430 1004 1541 1051 duri

158 1099 317 1148 poros.

224 1158 405 1207 Scribis
429 1157 618 1205 decimo
641 1157 764 1215 loeo,
787 1155 915 1220 quod
941 1156 1160 1219 queritur
1183 1156 1244 1203 D.
1265 1155 1541 1209 Desoartes‚

157 1249 235 1282 me
248 1234 491 1282 affinxisse
506 1234 550 1280 ei
565 1233 696 1296 quod
714 1232 1071 1296 computaverit
1089 1248 1282 1279 omnem
1296 1232 1541 1294 jacturam

156 1309 429 1358 velocitatis
463 1309 514 1356 in
548 1317 688 1356 motu
720 1309 973 1356 deorsum:
1008 1308 1186 1356 dixisse
1209 1315 1374 1355 autem
1405 1305 1541 1352 illum

158 1385 551 1434 constantissime
593 1384 978 1448 computandum
1024 1399 1129 1432 esse
1170 1384 1221 1430 in
1257 1388 1395 1430 motu
1434 1388 1563 1427 toto*

158 1461 445 1524 simpliciter
468 1468 679 1523 sumpto.

226 1536 536 1600 Respondeo:
573 1536 730 1584 fateor
754 1534 931 1582 dixisse
959 1534 1095 1582 illum
1120 1533 1321 1589 directe,
1347 1546 1542 1594 compu-

159 1614 365 1663 tandum
388 1629 491 1661 esse
515 1613 647 1661 illam
667 1614 910 1677 jacturam
935 1613 986 1660 in
1009 1621 1146 1661 motu
1169 1620 1296 1660 toto:
1321 1610 1408 1658 sed
1430 1625 1544 1657 cum

160 1689 284 1738 dixit
307 1689 763 1737 determinationem
787 1688 1241 1751 perpendicularem
1264 1695 1474 1742 tantum,
1495 1691 1546 1732 et

159 1782 259 1814 non
293 1765 558 1823 lateralem,
583 1764 738 1812 minui
773 1764 822 1810 in
857 1763 1014 1826 prima
1046 1762 1156 1810 duri
1190 1760 1546 1826 penetratione,

160 1841 285 1890 dixit
297 1857 385 1904 per
399 1855 702 1902 consequens
718 1847 905 1886 motum
920 1846 1079 1886 totum
1094 1836 1547 1902 perpendicularem

161 1916 336 1964 minui:
361 1931 475 1963 nam
494 1914 836 1963 determinatio
854 1913 1008 1961 minui
1030 1930 1129 1961 non
1148 1920 1325 1976 potest,
1343 1911 1439 1960 nisi
1458 1927 1547 1974 per

161 1990 609 2039 determinationem
633 1989 875 2051 intelligat
898 1994 1088 2036 motum.
1157 1988 1270 2035 Non
1296 2002 1413 2050 ergo
1433 2001 1547 2033 con-

161 2066 458 2115 stantissime
500 2065 640 2123 dixit,
677 2065 922 2128 jacturam
958 2071 1120 2111 motus
1162 2061 1548 2126 computandum

162 2157 268 2191 esse
286 2142 338 2189 in
361 2149 468 2188 toto
486 2148 626 2188 motu
649 2139 948 2202 simpliciter.
989 2139 1040 2187 Si
1055 2154 1172 2202 ergo
1187 2138 1268 2185 ille
1285 2145 1547 2200 utrumque

163 2216 600 2266 contradictorium
624 2214 764 2273 dixit,
784 2230 875 2277 ego
894 2223 1059 2262 autem
1083 2214 1289 2261 alterum
1309 2228 1479 2260 eorum
1502 2212 1549 2259 ei

164 2292 403 2348 adscribo,
422 2307 522 2339 non
538 2299 613 2339 est
630 2291 724 2338 hoc
743 2291 788 2338 ei
805 2290 987 2353 aliquid
1001 2290 1248 2353 affingere.
1291 2289 1548 2346 Praeterea,

166 2368 209 2415 si
230 2367 311 2416 ille
329 2369 573 2432 Jacturam
595 2366 868 2414 velocitatis
892 2373 1048 2413 totam
1072 2371 1326 2428 computat
1356 2364 1406 2411 in
1443 2371 1549 2411 toto

167 2450 322 2502 motu,
345 2442 527 2490 nnllam
552 2451 717 2490 autem
741 2448 994 2505 computat
1011 2441 1061 2488 in
1081 2448 1219 2488 motu
1242 2438 1449 2497 laterali,
1469 2454 1551 2486 ne-

168 2533 302 2565 cesse
324 2525 399 2565 est
420 2525 476 2565 ut
500 2525 654 2565 totam
675 2524 926 2580 computet
950 2517 1000 2564 in
1020 2517 1123 2564 solo
1141 2513 1549 2580 perpendiculari.

235 2592 400 2649 Vides,
426 2593 842 2640 Reverendissime
866 2593 1025 2650 Pater,
1051 2607 1198 2655 quam
1222 2591 1352 2639 clare
1370 2596 1420 2637 et
1442 2604 1554 2653 per-

170 2667 335 2731 spicue
349 2667 476 2715 illius
494 2667 866 2731 objectionibus,
881 2668 1096 2716 breviter
1110 2676 1292 2724 tamen,
1307 2664 1550 2728 respondi.

171 2744 245 2792 Ex
269 2758 364 2806 quo
403 2750 540 2805 patet
567 2743 902 2792 doctissimum
935 2750 984 2791 et
1016 2741 1460 2806 ingeniosissimum
1482 2739 1556 2786 vi-

172 2834 297 2876 rum,
315 2817 392 2865 vel
409 2817 598 2865 incuria
614 2819 690 2867 vel
707 2818 1009 2883 praejudicio,
1028 2834 1128 2866 non
1148 2818 1267 2866 satis
1290 2815 1554 2864 intendisse

172 2892 389 2941 animum
411 2892 474 2941 ad
498 2908 556 2941 ea
579 2909 690 2956 quae
712 2893 1015 2957 scripseram.
1085 2891 1416 2940 Nihilominus
1437 2890 1554 2937 libe-
