1982 3204
262 227 363 275 xliv

306 345 402 378 illum
413 345 611 379 carminibus
623 350 658 380 et
671 346 795 379 musica
804 346 921 386 colere,
929 345 1042 378 lauda-

308 389 384 422 bile.
400 389 447 421 iii.
463 394 538 423 262.
554 390 588 423 ii.
604 394 679 423 344.

309 433 394 465 ratio
409 433 511 465 dictat
525 444 600 465 eum
611 433 718 466 colere
731 433 896 476 praecipue
910 432 945 464 in
960 432 1042 474 pub-

310 476 375 508 lico
389 486 498 508 coram
513 476 708 509 hominibus.
725 477 771 509 iii.
788 481 860 509 262.
875 476 908 508 ii.
925 479 1000 508 344.

311 520 383 563 ejus
406 520 563 552 attributa
585 520 612 552 si
660 520 856 552 ‘ficationem
880 530 971 551 suam
986 518 1043 549 ha-

312 563 392 595 bent
406 574 425 594 a
439 573 600 595 consensu
638 563 793 595 ominum.
809 563 856 595 iii.
866 566 927 594 262
937 571 1046 604 z—pro

312 605 415 648 signis
422 606 603 638 honorandi
609 606 759 639 habenda
764 611 840 638 sunt
846 605 963 648 qualia.
969 604 1047 636 ibid.

311 659 378 681 non
393 649 440 681 ita
460 650 500 682 ab
522 649 654 682 homine
677 649 844 688 amandus,
867 654 906 681 ut
927 649 968 680 ab
988 648 1046 679 ho-

312 692 402 724 mine
417 693 524 725 homo.
539 692 575 726 ii.
593 697 663 725 119.

313 736 417 768 multa
431 741 508 769 sunt
521 736 557 768 in
570 736 669 768 verbo
681 735 746 768 Dei
760 735 920 767 rationem
931 734 1045 765 huma-

314 789 390 811 nam
405 779 602 829 superantia,
618 785 732 812 contra
746 784 869 811 rectam
885 777 1046 810 rationem

314 822 409 855 nihil.
424 822 645 855 ii1.265:-in
670 822 777 855 locum
802 822 943 864 aliquem
963 820 1047 852 diffi-

314 865 462 898 ciliorem
514 867 619 898 uoties
646 865 868 904 inciderimus,
895 863 975 907 quid
1001 864 1047 895 fa—

314 909 503 941 ciendum.i
526 909 570 941 id.

314 952 493 995 alloquitur
515 952 664 984 homines
688 951 829 983 mediate
855 955 912 983 aut
935 950 1049 982 imme-

315 995 412 1028 diate.
428 995 476 1028 iii.
489 999 552 1028 266
565 1005 684 1038 2—quo
698 995 795 1027 modo
807 993 973 1026 hominem
987 993 1049 1025 im-

315 1038 467 1078 mediate,
487 1044 526 1071 ut
550 1039 591 1070 ab
617 1038 681 1071 alio
704 1037 909 1079 intelligatur
932 1036 960 1068 si
984 1047 1050 1068 non

314 1081 527 1125 impossibile,
549 1087 637 1114 certe
652 1081 889 1113 difficillimum.
910 1079 990 1111 ibid.
1000 1093 1051 1111 :—

316 1125 346 1157 si
361 1125 434 1168 quis
449 1125 503 1157 cui
518 1125 621 1157 debeo
632 1124 775 1163 obedire,
787 1124 896 1156 Deum
912 1122 975 1155 sibi
989 1123 1050 1154 im-

317 1168 459 1200 mediate
497 1168 642 1200 locutum
681 1178 752 1199 esse
796 1166 879 1198 mihi
918 1166 1052 1205 diceret,

317 1216 431 1244 teneor
448 1222 556 1254 neque
573 1211 673 1243 verbo
694 1220 801 1252 neque
824 1209 911 1242 facto
926 1209 1052 1242 dissen-

319 1266 391 1287 sum
406 1265 516 1287 meum
530 1254 723 1297 patefacere.
738 1253 817 1285 ibid.

318 1297 438 1341 quibus
456 1297 585 1330 locutus
599 1297 635 1328 in
650 1296 722 1330 Scri
747 1295 839 1334 turis,
853 1295 896 1327 iis
910 1305 977 1327 non
990 1294 1053 1327 im-

317 1341 458 1374 mediate
481 1341 539 1373 sed
563 1351 623 1384 per
645 1351 727 1383 prop
752 1345 822 1372 etas
843 1338 972 1371 locutus
994 1343 1053 1371 est.

318 1384 364 1417 iii.
381 1389 455 1418 266.

343 1427 377 1460 ui
391 1428 500 1460 Deum
514 1427 551 1459 in
565 1426 692 1459 somnio
707 1425 748 1458 ad
770 1436 805 1458 se
819 1425 967 1457 locutum
983 1435 1054 1457 esse

342 1471 410 1510 icit,
417 1471 526 1503 Deum
540 1470 581 1502 ad
591 1480 626 1502 se
637 1470 783 1502 locutum
795 1479 866 1502 esse
878 1468 1056 1500 somniasse

320 1525 356 1547 se
377 1514 466 1547 dicit.
489 1514 536 1546 iii.
551 1518 614 1546 266
628 1512 739 1555 z—qui
761 1523 780 1544 a
801 1513 875 1544 Deo
897 1511 1054 1543 visionem

318 1557 441 1590 vidisse
455 1562 512 1590 aut
526 1567 638 1589 vocem
653 1556 784 1588 audisse
806 1566 840 1588 se
855 1554 945 1594 dicit,
969 1565 1055 1587 som-

319 1601 428 1633 niasse
442 1600 604 1633 credetur.
619 1599 666 1632 iii.
682 1603 743 1632 267
753 1598 863 1641 :—qui
874 1597 1056 1630 doctrinm

322 1644 465 1687 aliquam
492 1654 610 1676 novam
636 1654 656 1675 a
677 1644 750 1675 Deo
778 1641 971 1685 inspiratam
994 1641 1057 1673 sibi

323 1698 394 1720 esse
423 1687 513 1726 dicit,
535 1685 662 1729 ingenii
683 1686 735 1718 sui
764 1684 978 1718 admiratione
1006 1684 1057 1717 in-

323 1730 432 1763 sanire
446 1730 659 1780 intelligetur.
673 1729 755 1762 ibid.

324 1773 499 1816 aliquando
528 1772 722 1805 mlraculum
751 1771 824 1804 fieri
852 1771 986 1822 patitur,
1021 1775 1059 1804 ut

323 1817 539 1850 constantiam
553 1816 668 1859 populi
682 1816 734 1848 sui
748 1820 975 1858 experimento
986 1819 1058 1847 ten-

323 1866 383 1893 tet.
397 1860 445 1893 iii.
461 1864 534 1893 268.

324 1903 375 1936 illi
395 1914 416 1935 a
437 1903 563 1935 civibus
585 1902 772 1946 praestanda
786 1906 838 1934 est
863 1900 1058 1940 obedientia,

324 1946 482 1990 quicquid
502 1946 539 1978 in
559 1945 760 1979 contrarium
777 1945 893 1988 jubeat
918 1955 979 1977 rex
994 1950 1059 1977 ter—

323 1999 432 2023 renus.
447 1990 494 2022 iii.
509 1993 582 2023 270.

325 2033 456 2076 quando
471 2038 504 2066 et
519 2032 599 2076 quid
618 2032 746 2065 locutus
761 2031 814 2070 sit,
829 2031 870 2064 ab
884 2030 926 2062 iis
941 2030 1060 2073 quibus

325 2077 416 2109 nulla
428 2076 505 2109 data
519 2081 569 2108 est
588 2076 743 2108 revelatio
767 2074 845 2107 sciri
868 2085 932 2106 non
952 2079 1060 2116 potest

325 2120 391 2153 nisi
405 2131 465 2163 per
478 2119 639 2152 rationem
654 2118 844 2151 naturalem.
859 2117 906 2150 iii.
922 2120 995 2151 270.

326 2164 398 2206 ejus
413 2167 530 2195 natura
549 2160 899 2205 incomprehensibilis.
922 2160 968 2193 iii.
986 2164 1059 2193 282.

326 2206 358 2239 ei
372 2206 505 2239 nomina
519 2205 735 2245 attribuenda,
750 2215 817 2236 non
836 2204 878 2236 ad
900 2209 1060 2243 naturam,

278 2265 282 2268 -
326 2250 385 2283 sed
399 2249 442 2282 ad
462 2249 621 2282 honorem
637 2259 734 2292 quem
757 2247 807 2279 illi
831 2247 988 2279 exhibere
1003 2247 1058 2278 de-

326 2293 451 2332 bemus,
479 2292 703 2334 congruentia.
732 2290 913 2323 ibid.:—-in
940 2289 1060 2322 divinis

327 2335 503 2375 attributis,
525 2334 765 2378 respiciendum
780 2339 831 2366 est
845 2343 911 2366 non
925 2333 967 2365 ad
981 2333 1060 2365 defi-

326 2379 469 2412 nitiones
483 2378 725 2417 vocabulorum,
747 2376 806 2409 sed
826 2376 867 2409 ad
883 2386 980 2426 quam
996 2375 1062 2421 sig-

327 2422 463 2455 nificant
477 2421 612 2454 honoris
624 2420 851 2453 intentionem.
867 2419 913 2451 ii1.
930 2423 1004 2452 261.

327 2465 417 2498 illius
444 2470 682 2508 praeceptorum
706 2464 851 2496 omnium
874 2460 1057 2504 antiquissi-

328 2519 429 2548 mum,
444 2510 480 2540 de
494 2510 571 2549 Hyno
591 2509 718 2540 scientie
728 2508 796 2538 boni
808 2512 836 2538 et
851 2508 922 2537 mali
936 2518 972 2537 ne
985 2517 1062 2536 com-

329 2554 410 2586 edas.
433 2551 466 2584 ii.
483 2555 546 2584 285
560 2551 680 2600 :--ejus
725 2549 809 2582 rima
833 2559 907 2581 cum
931 2548 1063 2581 homine

277 2606 279 2609 ·
329 2594 560 2638 expostulatio,
576 2593 656 2636 qmd
670 2604 712 2625 vu
727 2598 749 2625 t.
761 2592 796 2625 ii.
813 2596 885 2625 286.

328 2644 380 2672 est
405 2638 531 2682 primus
554 2636 700 2669 omnium
729 2641 846 2668 motor.
875 2634 910 2667 ii.
940 2638 1002 2667 298
1011 2648 1063 2668 :—

329 2682 464 2715 effectus
482 2679 634 2725 producit
654 2679 820 2712 naturales
840 2688 900 2722 per
914 2677 1062 2710 ordinem

329 2735 500 2758 causarum
515 2723 740 2757 secundarum.
753 2722 836 2754 ibid.

329 2768 371 2801 de
386 2768 483 2801 atheo
498 2765 578 2811 quid
592 2766 683 2799 dicit.
698 2765 732 2798 ii.
747 2769 822 2803 326,
836 2774 870 2798 n.

329 2813 429 2844 Deum
451 2822 519 2850 em,
540 2809 666 2843 ratione
689 2808 831 2842 naturali
845 2806 923 2840 sciri
944 2811 1063 2851 potest.

328 2855 438 2894 ii.326,
444 2865 467 2887 n
475 2853 559 2887 .—id
570 2852 734 2896 quomodo
742 2851 976 2894 accipiendum.
983 2850 1061 2883 ibid.

329 2899 401 2948 ejus
415 2897 551 2931 verbum
570 2895 725 2930 sensibile
739 2895 782 2929 ad
795 2905 916 2938 paucos
931 2894 1062 2934 factum.

328 2952 362 2975 u.
377 2945 450 2974 333.

955 241 1153 276 INDEX.

1110 354 1170 387 per
1184 342 1414 376 revelationem
1428 341 1617 374 hominibus
1630 342 1698 374 n'on
1715 340 1845 374 loeutus

1111 392 1170 425 est,
1192 386 1257 418 nisi
1280 385 1405 418 viritim
1428 390 1462 418 et
1487 385 1626 417 diversis
1648 384 1787 418 diversa.
1807 383 1846 416 ii.

1111 477 1314 516 peccatorem
1338 471 1400 504 etsi
1424 471 1538 514 puniat
1565 470 1623 513 qui
1645 474 1848 513 peccaverat,

1109 518 1199 560 juste
1220 522 1330 548 tamen
1345 514 1488 557 affligere
1511 514 1672 557 potuisset
1694 513 1757 546 etsi
1779 523 1846 546 non

1112 564 1287 610 peccasset.
1303 559 1336 591 ii.
1352 562 1425 591 334.
1440 557 1487 590 iii.
1503 562 1577 590 256.

1113 603 1163 635 1lli
1177 602 1372 653 praestandae
1385 601 1580 633 obedientiae
1590 599 1758 642 obligatio,
1771 609 1847 642 pro·

1114 646 1202 678 cedit
1217 646 1257 678 ab
1272 645 1496 677 imbecillitate
1511 644 1663 676 humana.
1678 643 1713 676 ii.
1726 647 1799 676 336.

1115 690 1186 732 ejus
1214 689 1359 727 verbum,
1396 698 1456 731 per
1491 692 1642 719 naturam
1670 685 1851 728 regnantis,

1115 732 1204 764 aliud
1228 743 1294 764 non
1319 738 1370 764 est
1392 736 1513 774 praeter
1532 735 1655 762 rectam
1678 729 1850 762 rationem.

1115 775 1149 808 ii.
1165 779 1238 809 337.

1115 821 1280 858 existentia,
1303 817 1446 861 primum
1466 817 1537 860 ejus
1556 816 1799 849 attributorum.
1815 814 1851 848 ii.

1117 908 1185 937 deos
1199 907 1252 946 qui
1265 910 1359 945 νομαί,
1374 906 1423 936 ille
1428 906 1522 946 facit.
1536 902 1571 935 ii.
1586 906 1660 935 343.

1118 950 1189 991 ejus
1218 948 1368 980 voluntas
1397 958 1463 979 non
1492 945 1708 989 intelligenda
1736 943 1854 978 similis

1118 998 1249 1024 nostrae.
1263 991 1298 1023 ii.
1314 995 1388 1023 342.
1402 990 1449 1023 iii.
1465 994 1538 1023 260.

1118 1045 1220 1067 unum
1244 1034 1412 1067 relationis
1437 1033 1480 1066 ad
1502 1043 1562 1066 nos
1586 1042 1717 1071 nomen,
1736 1041 1855 1074 nempe

1119 1080 1214 1110 Deus.
1227 1078 1261 1110 ii.
1277 1082 1339 1110 342
1348 1087 1463 1120 :—quo
1478 1075 1666 1109 continetur
1679 1087 1744 1115 rex,
1759 1076 1854 1106 doni-

1119 1134 1187 1159 nus,
1195 1127 1295 1162 pater.
1310 1121 1389 1153 ibid.

1120 1165 1209 1207 quid,
1221 1165 1256 1196 in
1266 1165 1337 1207 ejus
1347 1174 1450 1206 regno
1458 1162 1608 1202 naturali,
1618 1162 1662 1195 sit
1674 1165 1856 1204 peccatum,

1120 1207 1200 1250 quid
1221 1207 1347 1240 crimen
1367 1205 1651 1250 laesae-majestatis
1673 1205 1804 1238 div-inne.
1818 1204 1854 1237 ii.

1120 1306 1187 1326 cum
1199 1297 1268 1344 ejus
1281 1295 1404 1337 justitia
1417 1295 1470 1325 hoc
1484 1295 1530 1325 vel
1548 1294 1626 1324 illud
1641 1303 1701 1324 non
1713 1292 1857 1330 considit,

1121 1337 1244 1370 locutlo
1260 1336 1442 1369 temeraria.
1457 1336 1491 1369 ii.
1507 1340 1580 1368 344.

1121 1381 1288 1413 civitatem
1309 1391 1415 1422 posse,
1438 1379 1475 1412 in
1501 1379 1565 1411 Dei
1586 1388 1691 1421 regno
1704 1376 1858 1416 naturali,

1121 1424 1246 1456 cultum
1271 1423 1444 1455 instituere
1470 1422 1606 1454 arbitrio
1630 1432 1700 1454 suo.
1721 1420 1755 1452 ii.
1777 1424 1858 1454 345:

1121 1478 1236 1510 —quae
1251 1466 1409 1499 doctrinae
1431 1466 1472 1498 de
1492 1467 1564 1508 ejus
1577 1470 1695 1498 natura
1708 1463 1860 1497 tenendae

1122 1516 1156 1543 et
1166 1509 1359 1553 profitendae
1374 1515 1460 1548 sunt,
1475 1508 1590 1541 civitas
1599 1509 1677 1551 jure
1687 1506 1860 1551 judicabit.

1122 1553 1202 1586 ibid.
1212 1564 1304 1586 z—eo
1326 1558 1484 1596 regnante
1499 1563 1559 1595 per
1572 1557 1724 1584 naturam
1745 1550 1858 1589 solam,

1123 1597 1234 1640 legum
1249 1596 1395 1629 omnium
1417 1597 1631 1638 interpretem
1653 1605 1725 1627 esse
1746 1593 1862 1626 civita-

1124 1645 1200 1673 tem.
1214 1640 1248 1673 ii.
1263 1644 1337 1672 346.

1124 1683 1243 1716 modus
1257 1693 1333 1716 eum
1348 1681 1542 1720 honorandi,
1557 1686 1634 1714 ante
1647 1680 1860 1714 constitutam

1125 1726 1301 1766 civitatem,
1314 1726 1355 1758 ab
1367 1725 1463 1758 unius
1478 1726 1638 1768 cujusque
1651 1723 1779 1757 ratione
1791 1723 1862 1767 pri-

1127 1775 1201 1803 vata
1213 1769 1374 1813 petendus
1389 1772 1468 1802 erat.
1484 1769 1518 1802 ii.
1533 1771 1650 1802 346—7.

1127 1813 1156 1846 si
1170 1813 1266 1852 cives,
1282 1813 1318 1845 in
1331 1823 1370 1845 eo
1385 1812 1532 1851 colendo,
1553 1809 1676 1854 singuli
1695 1809 1862 1861 propriam

1127 1856 1288 1889 rationem
1313 1861 1538 1899 sequerentur,
1559 1855 1643 1887 alter
1666 1853 1763 1886 alteri
1787 1864 1863 1886 eum

1127 1900 1289 1932 honorare
1303 1910 1370 1932 non
1385 1899 1562 1931 videretur.
1576 1898 1612 1931 ii.
1625 1899 1687 1930 347
1695 1907 1863 1930 z—-omnes

1127 1943 1277 1976 absurdae
1305 1942 1476 1986 opiniones
1504 1942 1546 1974 de
1573 1942 1645 1984 ejus
1673 1945 1800 1980 naurs,
1829 1945 1864 1972 et

1127 1986 1322 2019 ceremoniae
1351 1996 1463 2018 omnes
1492 1984 1641 2017 ridiculae
1670 1994 1744 2026 quae
1773 1984 1862 2026 apud

1128 2030 1212 2062 ullas
1238 2035 1356 2072 gentes
1381 2028 1532 2067 extitere,
1557 2028 1592 2059 in
1621 2026 1736 2059 eadem
1764 2025 1863 2059 simul

1128 2073 1259 2106 civitate
1273 2072 1548 2116 conspicerentur.
1559 2069 1639 2103 ibid.

1128 2117 1230 2155 Deus,
1245 2126 1388 2157 regnans
1402 2126 1462 2158 per
1476 2121 1626 2146 naturam
1641 2112 1753 2150 solam,
1769 2112 1862 2156 quic-

1129 2159 1209 2202 quid
1234 2159 1384 2202 imperat,
1410 2169 1469 2201 per
1490 2167 1602 2190 vocem
1629 2155 1773 2189 civitatis
1801 2156 1863 2188 im-

1128 2207 1230 2245 perat.
1246 2202 1280 2235 ii.
1297 2205 1359 2234 348
1368 2206 1455 2235 :-et
1469 2199 1627 2243 quicquid
1649 2199 1690 2231 ab
1704 2210 1744 2232 ea
1756 2199 1862 2242 impe·

1128 2251 1221 2321 rgtgr
1234 2245 1322 2278 circa
1335 2245 1459 2277 cultum
1473 2244 1550 2283 Dei,
1562 2243 1743 2286 imperatur
1753 2242 1865 2276 aDeo.

1127 2299 1140 2321 1
1164 2299 1176 2321 1
1199 2313 1208 2321 .

1130 2331 1350 2364 dubitationes
1359 2330 1509 2374 quaedam
1524 2329 1566 2362 de
1577 2328 1764 2362 obedientia
1776 2328 1866 2362 circa

1132 2375 1198 2408 Dei
1225 2374 1350 2407 cultum
1373 2373 1499 2407 civitati
1523 2372 1644 2412 debita,
1666 2372 1813 2406 sublatae.
1827 2371 1863 2405 ii.

1132 2461 1160 2494 si
1186 2460 1300 2494 civitas
1322 2460 1463 2503 imperet
1479 2470 1555 2492 eum
1575 2458 1775 2492 contumelia
1793 2458 1864 2492 affi-

1130 2515 1214 2543 cere,
1230 2504 1281 2536 vel
1303 2503 1476 2546 prohibeat
1497 2503 1616 2543 colere,
1629 2513 1697 2535 non
1707 2501 1864 2536 obedien—

1131 2548 1210 2580 dum
1225 2553 1286 2580 est.
1300 2547 1333 2579 ii.
1350 2551 1423 2580 348.

1130 2591 1289 2623 honorem
1312 2589 1361 2622 illi
1387 2590 1534 2622 debitum
1551 2590 1608 2633 jus
1621 2587 1774 2632 negandi.
1787 2593 1865 2621 ante

1130 2634 1296 2667 civitatem
1324 2633 1548 2672 constitutam,
1566 2632 1683 2666 habuit
1707 2641 1814 2664 nemo.
1827 2629 1863 2664 ii.

1131 2720 1159 2753 si
1174 2720 1289 2753 civitas
1313 2719 1453 2770 imperet
1478 2719 1588 2752 colere
1610 2728 1686 2751 eum
1709 2717 1770 2750 sub
1781 2716 1864 2750 ima-

1131 2763 1218 2806 gine,
1232 2773 1342 2796 coram
1362 2763 1404 2795 iis
1424 2763 1482 2805 qui
1503 2762 1539 2795 id
1553 2761 1627 2794 fieri
1647 2760 1864 2794 honorificum

1130 2818 1202 2839 esse
1238 2811 1364 2850 putant,
1398 2805 1617 2838 obediendum
1645 2809 1705 2838 est.
1729 2803 1766 2836 ii.
1788 2806 1864 2843 ms,

1130 2854 1204 2890 3⁵6,
1216 2860 1247 2883 n.
1259 2849 1363 2882 :—vel
1384 2849 1415 2882 ei
1430 2859 1549 2882 nomen
1572 2847 1762 2887 atti-ibam
1775 2845 1865 2890 quod
1927 2871 1931 2878 ,

1130 2904 1197 2926 non
1223 2892 1438 2936 intelligimus
1459 2891 1539 2935 quid
1563 2890 1737 2934 significat,
1751 2888 1864 2924 obedi·

1131 2937 1252 2969 endum
1281 2941 1341 2969 est.
1365 2935 1397 2969 ii.
1420 2934 1580 2969 :nez—ni
1608 2934 1683 2968 Deo
1707 2941 1864 2978 exprme
