1982 3204
147 397 258 424 PRoP.
282 398 334 425 lv.

396 261 491 304 224
795 270 1114 307 TRAc'rA‘rus
1141 268 1386 303 oP'rlcth.

394 397 539 444 quam
564 380 673 429 duae
698 387 819 430 rotae
842 382 1103 445 inaequales
1126 380 1406 428 describent
1429 378 1551 427 duos
1576 379 1783 428 circulos

392 458 506 514 AH,
530 457 632 516 BR,
677 473 884 521 quorum
924 466 1146 506 centrum
1188 469 1446 503 commune
1483 454 1575 502 erit
1617 462 1784 503 vertex

393 533 520 591 coni,
543 542 665 596 puta
687 540 924 596 punctum
948 533 1005 580 G.
1075 531 1294 593 Reliquae
1316 537 1480 577 autem
1515 536 1678 593 partes
1709 530 1784 578 in-

392 608 643 656 termediae
697 608 975 656 describent
1031 606 1235 670 singulae
1288 605 1505 669 singulos
1560 605 1783 664 circulos,

393 683 560 747 quales
601 691 713 731 sunt
754 684 841 741 IK,
868 682 980 742 LM,
1007 682 1117 740 ΝΟ,
1142 682 1244 739 PQ,
1283 680 1512 728 extremis
1552 681 1666 740 AH,
1696 681 1785 729 BR

392 758 745 806 concentricos.
813 758 906 806 Via
942 773 1058 820 ergo
1083 772 1180 820 qua
1203 763 1365 803 motus
1389 755 1643 819 inaequalis
1675 772 1783 819 pro-

391 841 603 898 pagatur
625 834 685 881 ab
711 833 815 892 AB,
841 850 940 881 non
976 841 1051 880 est
1083 832 1283 889 directa,
1307 838 1363 879 ut
1385 832 1493 889 AD,
1519 831 1603 878 sed
1628 831 1785 895 qualis

393 910 677 957 continetur
723 909 863 957 lineis
909 909 1056 956 rectis
1097 907 1201 965 AB,
1228 907 1340 966 HR,
1379 914 1428 955 et
1466 907 1784 955 circularibus

393 985 507 1041 AH,
528 984 632 1042 BR,
657 1000 832 1047 nempe
856 984 1016 1047 portio
1045 981 1263 1030 sectoris.

460 1060 553 1107 His
592 1060 779 1122 positis,
821 1067 1052 1122 putemus
1087 1065 1274 1104 rectam
1314 1057 1402 1105 ED
1444 1057 1784 1105 disterminare

393 1135 490 1183 duo
527 1134 702 1194 media,
743 1151 951 1198 quorum
991 1133 1246 1192 utrumvis,
1283 1142 1404 1197 puta
1443 1134 1679 1198 superius,
1722 1134 1786 1182 sit

876 1257 893 1275 Δ

782 1511 795 1538 ,κ’

766 1553 781 1596 .·””
818 1459 1138 1612 λ
1164 1590 1174 1593 A

754 1584 952 1648 s*
1191 1529 1319 1584 ‘ns

1337 1640 1355 1661 0

914 1815 1020 1863 Dfflsffl

1084 1749 1151 1793 ‚i'n'

648 1784 666 1804 8

1020 1814 1030 1830 l«

394 2210 574 2251 rarum,
598 2195 805 2242 alterum
830 2194 1062 2242 densum:
1100 2203 1151 2244 et
1183 2196 1243 2245 ab
1268 2198 1356 2245 AB
1394 2199 1523 2247 linea
1546 2199 1683 2257 lucis,
1708 2214 1786 2247 ve-

393 2270 498 2318 nire
522 2271 718 2333 oblique
750 2270 939 2317 radium
975 2270 1231 2329 directum,
1256 2274 1357 2322 sive
1391 2274 1785 2338 parallelogram-

395 2362 527 2394 mum
553 2346 660 2394 AD.
732 2346 908 2394 Statim
933 2353 1079 2409 atque
1101 2357 1299 2396 ventum
1318 2356 1391 2396 est
1415 2349 1479 2397 ad
1502 2356 1785 2397 contactum

395 2421 538 2469 densi
560 2422 611 2469 in
636 2421 696 2481 D,
721 2437 1006 2484 progressus
1030 2423 1124 2470 erit
1147 2423 1398 2487 inaequalis
1419 2444 1430 2472 :
1465 2432 1666 2488 propter
1687 2441 1784 2473 me·

395 2496 529 2544 dium
566 2496 791 2555 biforme,
830 2512 942 2544 cum
984 2497 1024 2544 C
1069 2498 1133 2545 sit
1172 2498 1223 2546 in
1263 2515 1390 2557 raro,
1432 2499 1476 2547 D
1516 2500 1568 2547 in
1609 2500 1783 2548 denso:

393 2586 569 2634 nempe
593 2570 781 2619 tardior
804 2587 834 2618 a
856 2580 997 2635 parte
1022 2571 1082 2630 D,
1107 2573 1321 2621 velocior
1343 2590 1373 2622 a
1394 2582 1534 2638 parte
1558 2574 1612 2634 C,
1637 2575 1687 2623 in
1707 2591 1785 2624 ra-

393 2646 529 2694 tione
553 2646 633 2695 ΟΕ
666 2646 729 2695 ad
766 2647 865 2706 DF,
891 2647 967 2695 vel
1004 2647 1092 2696 CG
1123 2648 1187 2696 ad
1227 2649 1341 2697 DH.
1413 2650 1505 2698 Via
1539 2666 1657 2714 ergo
1689 2667 1786 2715 qua

393 2730 555 2770 motus
576 2730 878 2786 propagatur
901 2739 931 2771 a
950 2721 1051 2782 CD,
1071 2731 1145 2771 est
1167 2740 1255 2787 per
1280 2725 1555 2788 portionem
1579 2726 1784 2775 sectoris

394 2797 594 2857 CGDH,
620 2806 671 2847 et
699 2806 772 2847 est
796 2799 888 2847 GH
925 2799 1055 2859 linea
1087 2799 1209 2848 lucis
1242 2808 1513 2864 propagata
1535 2802 1668 2850 omni
1695 2817 1784 2850 sua

393 2880 532 2936 parte
562 2872 626 2922 ad
661 2873 875 2923 medium
912 2874 1128 2935 densum,
1153 2883 1203 2924 et
1235 2876 1434 2940 aequalis
1466 2877 1560 2941 ipsi
1597 2876 1684 2926 OD
1705 2877 1782 2926 vel
