1982 3204
407 232 506 274 298
958 242 1253 275 EPISTOLAE.

143 358 344 388 Cartesiuwd
407 353 470 400 sit
494 351 877 401 considerandus
915 361 969 401 ut
1006 354 1191 401 habens
1221 352 1548 410 latitudinem,
1585 355 1687 417 jam
1725 361 1798 402 est

142 402 350 471 RQ
406 427 632 486 refutata,
657 436 707 476 et
729 437 916 492 pugnat
940 445 1051 476 cum
1077 428 1267 476 decima
1292 437 1479 491 quarta.
1541 429 1646 476 Nec
1669 429 1798 477 valet

407 504 512 567 ejus
528 504 773 567 probatio,
799 505 861 552 ad
894 521 1040 567 quam
1074 504 1227 566 gratis
1262 504 1465 552 assumit
1489 504 1798 552 considerari

406 579 606 627 radium
630 596 723 628 uno
758 581 961 627 termino
994 579 1189 644 longius
1218 580 1423 643 operari
1448 596 1585 643 quam
1614 579 1795 627 altero:

407 655 539 718 quod
573 671 717 703 nemo
741 656 833 719 ipsi
859 655 1112 715 concedet,
1138 656 1222 719 qui
1257 655 1448 703 radium
1481 656 1663 719 absque
1688 656 1798 704 lati-

405 730 576 778 tudine
601 731 945 779 considerabit.

474 807 740 870 Sequentia
756 824 910 871 usque
927 807 990 855 ad
1005 807 1244 855 decimam
1264 817 1489 871 quartam
1506 807 1799 871 propositio·

405 899 534 941 nem,
573 884 689 931 satis
722 891 778 931 ut
817 893 938 947 puto
978 891 1251 947 sequuntur
1290 900 1349 931 ex
1387 885 1491 947 ejus
1528 882 1797 947 principiis·

405 959 546 1016 Dico,
571 965 787 1023 utputo:
814 960 928 1022 quia
953 960 1068 1007 satis
1093 967 1283 1006 attente
1307 975 1407 1007 non
1432 960 1545 1023 legi,
1563 967 1618 1006 ut
1642 959 1798 1006 ausim

405 1035 662 1082 affirmare.
726 1034 973 1082 Caeterum
997 1051 1096 1082 non
1122 1035 1299 1081 mirum
1324 1044 1398 1082 est
1422 1035 1553 1098 quod
1578 1051 1638 1082 ex
1661 1034 1797 1082 falsis

404 1110 755 1173 hypothesibus
781 1118 1014 1172 sequatur
1033 1126 1218 1167 verum,
1236 1110 1351 1172 quia
1375 1110 1481 1157 illas
1499 1109 1797 1172 hypotheses

405 1185 468 1233 ad
492 1185 751 1232 veritatem
776 1185 868 1232 sibi
891 1193 1007 1232 ante
1032 1185 1282 1247 cognitam
1308 1185 1712 1232 accommodavit.

473 1261 530 1308 In
556 1262 652 1307 fine
679 1260 761 1307 De
790 1259 1067 1318 ColoribuS,
1085 1260 1207 1307 nihil
1232 1261 1380 1308 habet
1404 1260 1536 1324 quod
1560 1276 1659 1308 non
1683 1268 1797 1308 ante

406 1336 698 1399 scripserim,
724 1335 817 1382 nisi
843 1335 975 1398 quod
999 1351 1103 1382 rem
1128 1336 1426 1383 sufficienter
1451 1353 1548 1383 non
1569 1335 1796 1399 explicet.

405 1413 469 1459 Et
513 1411 640 1458 male
681 1411 749 1458 ait
795 1427 889 1468 me,
928 1411 1153 1474 globulos
1197 1412 1535 1475 supponendo,
1583 1412 1799 1474 priorem

406 1503 563 1535 meam
589 1487 896 1549 hypothesim
929 1486 1251 1534 destruxisse:
1289 1487 1402 1550 quia
1432 1487 1541 1534 illos
1574 1487 1799 1550 globulos

406 1562 742 1619 describendo,
778 1578 875 1609 non
917 1562 1153 1609 affirmavi
1198 1562 1319 1609 nihil
1360 1579 1463 1610 esse
1498 1563 1549 1610 in
1579 1561 1798 1626 spatiolis

405 1656 515 1703 quae
539 1639 630 1702 ipsi
654 1655 752 1686 non
777 1638 989 1701 replent:
1016 1654 1108 1686 nec
1142 1654 1264 1701 opus
1298 1638 1446 1686 habui
1474 1638 1615 1701 plura
1645 1638 1795 1701 expli·

404 1731 532 1773 care,
573 1731 718 1778 quam
761 1730 870 1776 quae
911 1713 974 1761 ad
1012 1714 1290 1762 institutum
1331 1730 1494 1762 meum
1532 1713 1794 1762 faciebant.

403 1794 643 1856 Denique,
667 1800 724 1840 ut
750 1794 898 1840 verbo
923 1793 1190 1851 absolvam,
1216 1808 1278 1839 ne
1313 1792 1562 1840 minimam
1597 1791 1797 1855 quidem

404 1870 644 1917 rationem
663 1869 715 1916 in
734 1876 839 1916 toto
855 1869 949 1916 hoc
970 1869 1153 1932 scripto
1174 1869 1333 1931 reperi
1352 1885 1381 1916 a
1398 1869 1520 1916 meis
1539 1868 1796 1927 diversam,

406 1962 514 2008 quae
538 1961 653 1994 vera
677 1954 725 1992 et
746 1945 967 2008 legitima
991 1961 1095 1992 esse
1119 1944 1356 1992 videatur.

608 2135 709 2168 Dus
738 2134 946 2169 cARTEs
967 2134 1043 2169 AU
1064 2135 1205 2169 PERE
1233 2122 1594 2169 MERSENNE*.

539 2230 660 2276 Mon
684 2228 923 2276 reverend
947 2229 1085 2287 Pere,

472 2305 637 2367 Ayant
651 2303 703 2351 lu
717 2321 746 2351 a
760 2303 895 2350 loisir
908 2303 954 2350 le
979 2303 1173 2350 dernier
1193 2303 1316 2351 ecrit
1335 2303 1395 2351 de
1414 2311 1552 2352 votre
1571 2304 1794 2367 Anglois‚

399 2380 450 2443 je
491 2379 590 2427 suis
630 2379 953 2426 entierement
993 2379 1228 2425 confirme
1259 2394 1321 2425 en
1352 2378 1586 2441 l'opinion
1619 2396 1712 2443 que
1745 2383 1794 2444 je

403 2470 523 2503 vous
548 2453 742 2501 mandai
761 2453 795 2501 il
818 2470 848 2516 y
869 2469 897 2499 a
915 2452 1057 2514 huit†
1075 2453 1214 2515 jours
1239 2469 1332 2517 que
1351 2453 1525 2516 j'avois
1551 2455 1612 2502 de
1636 2455 1721 2512 lui,
1743 2466 1794 2505 et

398 2532 450 2594 je
469 2531 588 2595 juge
608 2545 702 2593 que
720 2529 765 2576 le
786 2528 1006 2575 meilleur
1024 2536 1098 2575 est
1116 2544 1212 2590 que
1230 2529 1280 2591 je
1300 2529 1420 2576 n’aie
1439 2530 1579 2592 point
1598 2530 1665 2579 du
1685 2540 1794 2581 tout

405 2606 465 2654 de
507 2620 778 2653 commerce
817 2620 935 2652 avec
975 2603 1059 2661 lui,
1097 2612 1148 2651 et
1186 2620 1312 2667 pour
1345 2613 1474 2652 cette
1505 2606 1573 2653 fin
1614 2623 1708 2670 que
1739 2609 1791 2671 je

404 2682 725 2730 m'abstienne
750 2680 810 2728 de
834 2680 903 2727 lui
927 2679 1185 2743 repondre.
1257 2680 1352 2728 Car
1377 2681 1449 2728 s'il
1486 2690 1561 2729 est
1585 2681 1645 2730 de
1670 2682 1794 2730 l'hu-

402 2860 424 2882 *
446 2859 558 2905 Datc,
573 2857 777 2908 according
797 2863 836 2895 to
850 2855 1007 2903 Cousin‚
1026 2857 1047 2893 4
1066 2855 1166 2894 Mur.
1193 2857 1305 2894 1641.
1366 2856 1387 2906 †
1409 2855 1792 2903 Quinze.—Cousm.
