1982 3204
158 377 353 404 OBJEC'rlo

239 432 280 457 11.

407 241 505 283 254
912 251 1292 286 OBJECTIONES

407 363 478 410 tia
500 362 662 426 hujuS,
688 377 748 410 ex
771 377 829 410 eo
854 363 985 426 quod
1017 378 1116 410 non
1138 361 1380 425 possimus
1417 376 1643 424 separare
1667 361 1802 424 cogi-

405 438 647 486 tationem
670 454 700 486 a
724 439 932 487 materia
956 439 1205 502 cogitante
1227 456 1237 484 ε
1274 436 1470 484 videtur
1493 436 1801 485 inferendum

403 514 567 578 potius
599 531 704 562 rem
729 515 1028 579 cogitantem
1064 529 1170 562 esse
1201 512 1504 560 materialem
1529 529 1675 576 quam
1709 513 1799 561 im-

403 590 724 639 materialem.

935 728 1267 762 RESPONSIO.

471 816 571 864 Ubi
597 816 714 872 dixi,
730 816 819 863 hoc
842 823 918 863 est
941 832 1089 874 mens,
1111 814 1316 871 animuS,
1335 812 1629 871 intellectu&
1648 812 1798 872 ratio,

400 898 513 950 etc„
538 908 638 939 non
664 892 883 940 intellexi
917 908 1006 956 per
1030 892 1124 939 ista
1146 890 1347 938 nomina
1370 890 1497 937 solas
1521 889 1797 947 facultates,

399 967 484 1015 sed
514 984 591 1016 res
627 968 863 1016 facultate
901 967 1150 1029 cogitandi
1191 965 1448 1029 praeditas:
1483 973 1542 1012 ut
1571 981 1660 1028 per
1699 965 1796 1012 duo

398 1044 564 1107 priora
601 1044 747 1107 vulgo
782 1043 1075 1106 intelligitur
1112 1042 1174 1089 ab
1213 1041 1454 1099 omnibus,
1481 1048 1529 1088 et
1569 1055 1658 1103 per
1699 1039 1796 1088 duo

398 1120 671 1182 posteriora
694 1119 999 1182 frequenter:
1026 1118 1215 1181 hocque
1241 1126 1344 1164 tam
1362 1131 1605 1179 expresse,
1625 1123 1795 1179 totque

398 1194 450 1242 in
473 1194 595 1242 locis
619 1195 846 1258 explicui,
871 1202 928 1242 ut
951 1194 1113 1242 nullus
1128 1193 1352 1242 videatur
1374 1192 1521 1240 fuisse
1537 1192 1795 1240 dubitandi

400 1269 553 1317 locus.

464 1345 639 1409 Neque
663 1344 743 1392 hic
769 1352 844 1393 est
865 1345 1049 1409 paritas
1073 1344 1202 1393 inter
1228 1343 1612 1393 ambulationem
1634 1351 1685 1391 et
1715 1359 1795 1391 co·

394 1421 689 1484 gitationem
710 1438 721 1467 :
760 1421 875 1484 quia
898 1420 1165 1468 ambulatio
1189 1420 1314 1468 sumi
1340 1428 1533 1467 tantum
1557 1418 1681 1466 solet
1702 1433 1792 1482 pro

395 1496 591 1544 actione
616 1497 736 1559 ipsa,
763 1497 998 1559 cogitatio
1022 1495 1270 1543 interdum
1295 1511 1385 1559 pro
1409 1494 1618 1552 actione,
1644 1493 1795 1542 inter-

395 1570 513 1619 dum
535 1588 626 1636 pro
650 1571 902 1631 facultate,
928 1572 1177 1620 interdum
1199 1588 1290 1636 pro
1314 1587 1367 1620 re
1401 1571 1452 1619 in
1489 1587 1587 1635 qua
1609 1578 1686 1619 est
1721 1570 1794 1619 fa·

393 1648 568 1696 cultas.

461 1723 567 1771 Nec
603 1722 714 1771 dico
738 1722 869 1771 idem
893 1739 998 1771 esse
1038 1739 1143 1771 rem
1180 1722 1539 1786 intelligentem
1564 1727 1615 1769 et
1648 1720 1793 1769 intel-

391 1798 653 1846 lectionem
674 1817 686 1846 :
723 1814 814 1846 nec
840 1798 1038 1862 quidem
1064 1814 1168 1846 rem
1193 1798 1552 1861 intelligentem
1577 1804 1628 1844 et
1650 1797 1790 1845 intel-

391 1874 592 1932 lectum,
640 1875 681 1922 si
737 1882 958 1922 sumatur
1014 1890 1104 1938 pro
1158 1874 1411 1931 facultate,
1459 1872 1544 1921 sed
1597 1880 1790 1920 tantum

393 1950 589 2014 quando
615 1951 825 1998 sumitur
848 1967 937 2014 pro
964 1967 1016 1998 re
1042 1951 1147 2015 ipsa
1172 1967 1282 2014 quae
1305 1949 1552 2012 intelligit.
1611 1948 1790 1996 Fateor

391 2034 556 2074 autem
581 2026 711 2074 ultro
739 2042 815 2074 me
835 2026 897 2074 ad
922 2042 1026 2073 rem
1050 2027 1150 2074 sive
1176 2025 1515 2083 substantiam,
1537 2039 1683 2087 quam
1706 2039 1788 2071 vo-

390 2101 550 2149 lebam
575 2117 754 2149 exuere
781 2101 1005 2149 omnibus
1030 2101 1089 2149 iis
1113 2117 1222 2164 quae
1247 2100 1310 2148 ad
1334 2101 1489 2163 ipsam
1514 2114 1614 2146 non
1638 2099 1789 2162 perti-

389 2185 525 2235 nent,
551 2177 937 2240 significandam,
957 2193 1100 2224 usum
1125 2177 1272 2224 fuisse
1297 2176 1457 2224 verbis
1481 2191 1627 2238 quam
1651 2191 1788 2223 max-

390 2252 487 2300 ime
527 2254 666 2315 potui
712 2252 998 2300 abstractis:
1035 2261 1091 2300 ut
1126 2259 1312 2310 contra,
1350 2251 1431 2299 hic
1468 2250 1787 2314 philosophus

389 2328 545 2376 utitur
563 2329 763 2376 vocibus
787 2344 931 2391 quam
958 2329 1168 2376 maxime
1194 2327 1449 2384 concretis,
1474 2342 1650 2389 nempe
1673 2325 1786 2373 sub-

377 2403 524 2466 jecti,
550 2404 791 2462 materiae,
818 2412 867 2451 et
890 2403 1134 2468 corporis,
1159 2403 1222 2450 ad
1259 2403 1406 2450 istam
1434 2418 1537 2450 rem
1563 2402 1785 2465 cogitan-

388 2486 488 2527 tem
530 2479 916 2543 significandam,
958 2495 1021 2527 ne
1060 2479 1274 2542 patiatur
1315 2478 1468 2541 ipsam
1510 2493 1540 2525 a
1579 2493 1785 2541 corpore

389 2555 570 2604 divelli.

456 2631 563 2679 Nec
587 2646 758 2678 vereor
782 2647 844 2678 ne
864 2630 942 2678 cui
961 2629 1188 2678 videatur
1211 2629 1302 2677 iste
1326 2630 1429 2692 ejus
1449 2628 1622 2676 modus
1641 2627 1784 2692 plura

389 2707 532 2755 simul
570 2706 901 2770 conjungendi
937 2705 1100 2769 aptior
1136 2705 1199 2752 ad
1231 2705 1492 2752 veritatem
1529 2704 1782 2752 invenien-

388 2782 518 2841 dam,
533 2798 680 2847 quam
700 2798 852 2840 meus,
868 2798 964 2845 quo
983 2780 1174 2844 singula
1191 2796 1337 2844 quam
1356 2780 1566 2827 maxime
1580 2794 1781 2843 possum

386 2858 652 2921 distinguo.
725 2858 822 2906 Sed
850 2857 1134 2906 omittamus
1159 2856 1322 2915 verba,
1343 2856 1601 2919 loquamur
1624 2854 1685 2903 de
1709 2870 1778 2903 re.
