1982 3204
146 402 258 429 PROP.
280 404 319 430 X·

135 448 325 471 κ-Υ-κ

387 266 484 309 236
787 277 1103 311 TRACTATUS
1132 276 1382 310 oPTlcns.

378 389 482 451 jam
506 388 745 436 terminus
768 388 890 436 lucis
916 390 963 436 H
984 397 1058 436 est
1081 389 1131 436 in
1157 390 1216 446 D,
1235 389 1274 436 si
1301 388 1515 437 medium
1533 404 1632 436 non
1651 396 1780 436 esset

382 470 641 523 mutatum,
668 464 869 512 deberet
889 465 1014 512 alter
1038 465 1278 512 terminus
1303 465 1427 512 lucis
1452 465 1494 512 G
1518 480 1622 512 esse
1645 464 1697 511 in
1715 465 1779 512 F:

382 539 469 587 sed
492 548 694 603 propter
716 540 969 588 raritatem
994 540 1143 588 medii
1168 541 1218 588 in
1235 557 1330 604 quo
1350 541 1453 604 jam
1479 548 1553 588 est
1577 540 1659 587 ille
1682 548 1779 587 ter-

381 615 574 662 minus*
595 615 799 663 ulterius
823 615 886 663 ad
911 616 950 663 C
973 631 1062 678 pro
1087 616 1276 663 ratione
1305 616 1576 663 mediorum
1600 631 1778 678 suppo-

382 691 489 748 sita,
513 691 608 739 hoc
632 699 706 738 est
729 706 818 754 pro
843 691 1033 738 ratione
1070 691 1315 739 distantiae
1347 692 1476 738 inter
1499 691 1584 738 LD
1610 698 1659 738 et
1696 688 1779 738 CB

381 766 445 813 ad
471 765 754 814 distantiam
786 767 918 814 inter
941 766 1036 814 ME
1062 775 1112 814 et
1135 767 1342 814 eandem
1367 767 1466 814 CB.
1517 767 1607 814 Est
1628 765 1781 829 igitur

375 842 479 904 jam
499 842 583 889 CD
607 842 735 889 linea
753 842 875 890 lucis
891 849 1193 906 propagata
1218 842 1280 889 ad
1306 842 1444 889 densi
1468 849 1518 889 et
1541 842 1640 889 rari
1665 857 1777 889 con-

379 918 510 965 finia.
581 918 827 967 Quoniam
854 934 971 980 ergo
996 918 1083 965 AC
1111 927 1161 966 et
1197 918 1283 965 BD
1308 926 1423 966 sunt
1454 917 1779 981 perpendicu-

380 993 505 1041 lares
545 994 607 1041 ad
653 994 809 1057 ipsam
847 993 931 1041 CD
979 993 1154 1041 lineam
1203 993 1342 1052 lueis,
1386 995 1479 1042 erit
1522 994 1607 1042 CA
1648 993 1780 1041 linea

379 1068 606 1126 refracta,
631 1077 682 1115 et
700 1069 836 1118 ACQ
854 1070 1061 1132 angulus
1079 1069 1386 1117 refractionis
1405 1085 1602 1117 aversus
1620 1086 1650 1117 a
1670 1085 1777 1132 per-

379 1143 639 1206 pendiculo
667 1143 763 1191 CP.
834 1145 1007 1192 Restat
1039 1145 1347 1206 probandum
1381 1146 1616 1208 angulum
1641 1144 1780 1193 ACQ

379 1219 616 1282 aequalem
648 1234 753 1267 esse
786 1220 966 1283 angulo
1001 1219 1144 1267 ICG:
1181 1220 1311 1283 quod
1349 1220 1492 1268 facile
1528 1229 1620 1279 est,
1659 1229 1776 1268 sunt

379 1295 510 1341 enim
547 1295 817 1343 vertieales⁴
890 1295 1054 1348 Quare
1090 1296 1298 1358 angulus
1334 1296 1646 1344 refractionis
1683 1304 1775 1344 etc.

380 1368 522 1428 Quod
546 1377 652 1418 erat
677 1370 1129 1419 demonstrandum.

445 1445 606 1493 Facile
642 1462 834 1510 quoque
871 1446 1208 1494 demonstratu
1243 1455 1333 1502 est,
1359 1446 1551 1494 radium
1586 1455 1777 1494 transe-

379 1528 550 1568 untem
576 1538 606 1569 a
629 1521 790 1569 medio
826 1538 937 1570 raro
960 1538 1048 1586 per
1072 1522 1219 1569 medii
1245 1522 1481 1570 densioris
1506 1522 1652 1585 plana
1689 1538 1777 1586 op-

378 1597 544 1659 posita
568 1597 619 1644 in
634 1597 849 1644 medium
867 1613 1030 1645 rarum
1051 1598 1206 1645 simile
1225 1598 1392 1661 priori,
1410 1598 1592 1645 habere
1611 1606 1776 1661 partes

377 1679 491 1720 aute
514 1673 788 1736 ingressum
813 1681 862 1721 et
885 1681 997 1736 post
1021 1674 1203 1722 exitum
1237 1674 1329 1722 sibi
1361 1674 1572 1722 invicem
1610 1673 1774 1737 paral-

377 1748 511 1796 lelas.

859 1882 1191 1921 PROPOSITIO
1214 1883 1292 1916 xl.

378 1965 437 2013 Se?
475 1966 576 2014 sint
611 1966 720 2014 dnoe
758 1967 986 2032 qucelibet
1024 1968 1368 2016 inclinationes
1411 1969 1670 2017 radiorum
1707 1969 1772 2017 ab

443 2041 610 2088 eodem
633 2042 794 2090 medio
819 2059 940 2090 raro
965 2043 1037 2091 acl
1059 2043 1183 2091 idem
1217 2044 1424 2091 medinm-
1456 2045 1669 2104 densum,
1694 2045 1777 2092 vel

444 2123 635 2175 eontra,
677 2118 965 2181 superficies
1004 2126 1167 2167 autem
1207 2119 1471 2167 mediorum
1509 2121 1771 2167 communis

443 2192 511 2239 sit
533 2191 697 2257 plana
715 2211 733 2241 .·
759 2209 1068 2258 progressu-s·
1094 2194 1221 2243 lucis
1248 2195 1297 2242 in
1315 2195 1482 2259 primo
1506 2195 1666 2242 medio
1701 2196 1774 2244 acl

433 2282 766 2332 progressum
786 2267 911 2316 luci-s·
933 2268 1080 2316 simul
1079 2269 1284 2332 sactum
1304 2269 1354 2316 in
1370 2269 1600 2326 Secundo,
1619 2268 1770 2318 Imbe-

443 2341 513 2390 bit
536 2343 738 2390 eandem
763 2343 1005 2391 rationem
1030 2343 1079 2390 in
1099 2360 1195 2391 una
1220 2342 1541 2391 inclinatione
1558 2361 1702 2408 qnam
1719 2345 1768 2393 in

443 2417 627 2467 altera.

444 2510 553 2559 Sint
577 2511 685 2558 duae
706 2511 937 2574 quaelibet
958 2510 1302 2558 inclinationes
1322 2511 1587 2569 radiorum,
1609 2512 1694 2560 AC
1717 2521 1769 2561 et

375 2603 452 2645 ac,
475 2586 527 2635 in
551 2586 742 2649 angulis
775 2585 978 2633 diversis
1001 2586 1131 2634 ACB
1156 2595 1207 2634 et
1230 2585 1336 2645 acb,
1362 2586 1424 2634 ad
1458 2587 1659 2650 planum
1690 2587 1767 2647 cb,

377 2663 460 2710 CB
480 2683 493 2718 ;
529 2679 558 2710 a
578 2662 776 2726 punctis
813 2668 976 2709 autem
1009 2660 1053 2719 b,
1074 2661 1130 2720 B,
1155 2661 1400 2710 ducantur
1423 2661 1492 2725 ῥῙζ
1519 2663 1599 2710 BF
1622 2671 1768 2711 reetoe

376 2738 523 2786 radiis
547 2755 622 2795 ac,
643 2737 731 2786 AC
754 2737 1013 2801 parallelae,
1038 2737 1340 2802 sumptisque
1375 2738 1425 2785 in
1459 2737 1528 2802 bf,
1554 2739 1634 2787 BF
1664 2754 1768 2787 rec-

990 2897 1013 2922 *
1046 2895 1122 2936 Sic.
