1982 3204
445 270 516 303 ΑΒ
545 269 799 306 CAR‘rsssu
829 269 1270 303 MEmTA'rloNES.
1455 261 1551 304 253

161 381 426 431 cultatibus
450 391 501 430 et
534 382 741 440 actibus,
765 382 861 430 hoc
883 389 972 441 est,
997 397 1028 429 a
1052 381 1151 429 suis
1174 380 1554 444 proprietatibus
1608 399 1803 426 οωεοτιο

162 465 213 507 et
235 457 472 506 essentiis.
544 457 692 506 Aliud
717 458 847 506 enim
883 464 957 514 est
992 457 1153 521 ipsum
1190 471 1292 510 ena,
1317 455 1450 503 aliud
1481 465 1556 504 est
1612 453 1799 520 -Q-ae

162 535 268 598 eJus
290 532 525 581 essentia.
596 533 761 581 Potest
799 548 917 596 ergo
942 548 1047 580 esse
1070 540 1125 580 ut
1147 547 1226 579 res
1250 530 1470 594 cogitans
1493 532 1557 580 sit

164 610 437 673 subjectum
461 609 655 666 mentis,
680 609 899 667 rationis,
924 608 1001 656 vel
1032 606 1324 663 intellectuS,
1349 605 1557 669 ideoque

164 699 453 748 corporeum
478 683 683 748 aliquid:
721 685 859 748 cujus
883 683 1182 732 contrarium
1208 681 1433 739 sumitur,
1458 675 1557 728 ii'on

164 760 415 824 probatur.
464 760 552 807 Est
574 767 738 807 tamen
757 759 862 806 haec
882 759 1034 807 illatio
1053 757 1427 806 fundamentum
1445 772 1557 804 con-

166 835 398 883 clusionis
421 851 566 899 quam
590 835 784 882 videtur
806 834 931 882 velle
955 834 1013 882 D.
1041 834 1095 882 C.
1123 832 1357 881 stabilire.

234 910 421 959 Ibidem
441 929 452 957 :
489 909 619 957 Novi
642 927 716 958 me
737 911 957 958 existere
975 928 993 957 .·
1028 924 1194 974 quoero
1217 908 1330 973 quis
1353 907 1446 956 sim
1468 924 1562 972 ego

166 1002 308 1051 quem
350 985 458 1033 novi
472 1003 489 1032 .·
535 985 863 1033 certissimum
906 991 984 1033 est
1035 985 1179 1047 hujus
1222 985 1298 1032 sic
1339 983 1563 1049 proecise

166 1060 351 1126 sumpti
379 1060 604 1108 notitiam
638 1076 732 1108 non
760 1060 987 1125 pendere
1024 1059 1090 1108 ab
1126 1059 1192 1108 iis
1214 1076 1325 1124 quoe
1347 1060 1564 1108 existere

167 1135 374 1185 nondum
398 1135 525 1183 novi.

235 1211 575 1259 Certissimum
595 1220 667 1259 est
687 1211 913 1260 notitiam
936 1212 1081 1275 hujus
1099 1210 1446 1275 propositionis
1468 1226 1564 1274 ego

169 1285 347 1346 existo,
366 1286 580 1351 pendere
604 1287 665 1335 ab
690 1287 781 1335 hac
801 1304 897 1351 ego
919 1287 1101 1352 cogito,
1121 1294 1176 1335 ut
1199 1294 1331 1335 recte
1355 1287 1459 1350 ipse
1473 1301 1563 1334 nos

170 1361 356 1410 docuit.
427 1362 524 1410 Sed
547 1363 680 1411 unde
703 1363 845 1411 nobis
870 1371 946 1411 est
978 1363 1157 1411 notitia
1180 1363 1340 1425 hujus,
1365 1379 1460 1426 ego
1483 1378 1570 1410 eo-

166 1437 281 1502 gito
297 1441 326 1486 8
393 1438 538 1486 Certe
561 1454 661 1486 non
686 1439 748 1486 ab
772 1438 867 1486 alio
891 1454 1038 1502 quam
1062 1438 1124 1486 ab
1161 1438 1272 1496 hoc,
1298 1437 1430 1501 quod
1465 1454 1565 1486 non

170 1529 429 1577 possumus
462 1514 720 1577 concipere
756 1523 921 1562 actum
946 1528 1286 1578 quemcunque
1310 1513 1415 1561 sine
1452 1513 1565 1561 sub-

167 1589 303 1653 jecto
343 1604 448 1647 suo,
480 1589 632 1638 veluti
674 1590 854 1637 saltare
889 1589 993 1637 sine
1035 1589 1261 1647 saltante,
1299 1588 1424 1636 scire
1462 1589 1567 1636 sine

172 1665 375 1723 sciente,
401 1665 619 1728 cogitare
642 1666 746 1714 sine
770 1666 1034 1729 cogitante.

241 1741 405 1804 Atque
437 1740 551 1788 hinc
579 1740 774 1788 videtur
810 1740 947 1804 sequi
983 1756 1088 1788 rem
1125 1739 1425 1803 cogitantem
1462 1754 1567 1786 esse

175 1831 466 1880 corporeum
490 1815 623 1879 quid.
695 1815 927 1879 Subjecta
961 1815 1091 1863 enim
1115 1815 1333 1863 omnium
1368 1821 1568 1862 actuum

175 1891 405 1940 videntur
425 1891 634 1955 intelligi
671 1891 977 1939 solummodo
1002 1891 1091 1938 sub
1115 1891 1306 1938 ratione
1330 1905 1569 1953 corporea

176 1967 279 2016 sive
300 1967 390 2015 sub
415 1967 605 2015 ratione
638 1967 888 2015 materiae:
924 1975 981 2015 ut
1006 1966 1222 2015 ostendit
1257 1973 1373 2030 post
1411 1966 1463 2013 in
1488 1981 1569 2013 ex-

177 2042 338 2106 emplo
361 2058 503 2100 cerae,
529 2059 638 2106 quae
662 2043 864 2091 mutatis
888 2042 1068 2102 colore,
1094 2042 1289 2101 duritie,
1314 2042 1487 2105 figura,
1518 2049 1570 2089 et

178 2117 368 2166 caeteris
399 2117 607 2175 actibus,
642 2117 934 2180 intelligitur
969 2125 1134 2165 tamen
1171 2132 1364 2180 semper
1399 2116 1572 2164 eadem

177 2207 273 2252 res,
295 2192 391 2241 hoc
416 2200 505 2250 est,
530 2192 701 2240 eadem
723 2193 928 2240 materia
960 2200 1035 2240 tot
1074 2192 1426 2240 mutationibus
1458 2192 1572 2239 sub-

173 2267 322 2331 jecta.
380 2268 494 2316 Non
518 2276 683 2316 autem
707 2268 955 2331 colligitur
978 2284 1056 2316 me
1079 2268 1296 2331 cogitare
1314 2284 1404 2331 per
1426 2267 1571 2315 aliam

181 2342 545 2406 cogitationem.
617 2344 855 2393 Quamvis
889 2344 1019 2392 enim
1044 2344 1219 2408 aliquis
1244 2344 1461 2407 cogitare
1483 2360 1570 2407 po-

181 2425 280 2466 test
317 2433 369 2467 se
409 2419 683 2483 cogitasse:
721 2436 831 2484 quae
877 2420 1115 2483 cogitatio
1160 2419 1282 2467 nihil
1327 2419 1461 2467 aliud
1499 2426 1574 2467 est

184 2507 331 2555 quam
370 2494 678 2543 meminisse:
714 2503 880 2543 tamen
921 2495 1122 2543 omnino
1163 2503 1240 2543 est
1275 2494 1573 2558 impossibile

185 2567 402 2630 cogitare
424 2584 475 2616 se
498 2570 732 2633 cogitare,
758 2571 884 2619 sicut
907 2587 998 2619 nec
1036 2570 1160 2619 scire
1183 2586 1234 2619 se
1271 2571 1410 2618 scire.
1483 2570 1573 2617 Es-

185 2649 263 2690 set
284 2642 413 2690 enim
435 2643 756 2709 interrogatio
780 2646 986 2706 infinita,
1012 2646 1136 2695 unde
1156 2646 1259 2694 scis
1291 2652 1341 2694 te
1361 2645 1492 2694 scire
1524 2652 1574 2693 te

185 2717 320 2766 seire
341 2723 391 2765 te
411 2717 558 2767 seire.

255 2793 501 2842 Quoniam
537 2810 655 2859 ergo
693 2796 871 2845 notitia
908 2797 1055 2860 hujus
1094 2796 1439 2861 propositionis
1477 2810 1573 2859 ego

187 2868 362 2925 existo,
384 2868 564 2932 pendet
587 2886 618 2918 a
639 2871 817 2920 notitia
839 2872 985 2935 hujus
1008 2888 1104 2936 ego
1125 2872 1292 2937 cogito
1307 2890 1325 2919 .·
1361 2879 1412 2919 et
1448 2869 1574 2918 noti-
