1982 3204
241 227 353 276 xciv

286 357 388 384 πων-ες,
404 355 470 388 quo
485 355 584 377 sensu
598 343 816 394 intelligendi.
831 344 878 378 iii.
895 347 946 378 77.

286 399 358 420 mos
374 394 445 421 erat
460 388 648 420 hominibus
668 388 786 431 priscis
812 388 1025 431 temporibus,

286 437 381 474 rapto
397 431 592 470 viventibus,
618 443 638 463 a
652 431 759 464 bubus
782 432 966 464 aratoribus
992 438 1026 464 et

287 475 377 507 omni
391 474 612 507 instrumento
623 474 834 518 agriculturae
850 475 1024 507 abstinere.

289 517 323 550 ii.
340 522 413 550 210.

245 560 569 600 Moses—Christus,
582 566 616 594 et
630 561 773 604 Spiritus
789 561 938 600 Sanctus,
952 572 1024 593 suc-

288 604 412 636 cessive
428 604 494 637 Dei
519 615 693 647 personam
714 605 882 647 gerebant.
899 605 935 636 ii.
955 609 1024 637 132.

287 647 336 680 ιιι.
356 651 426 680 125.

287 690 345 723 ille
360 697 394 723 et
414 691 625 723 Abrahamus
646 691 726 734 quid
748 691 931 734 prophetiis
957 691 1025 722 suis

288 734 545 776 praetendebant.
562 734 607 767 iii.
623 739 663 767 62
677 735 856 777 :--quando
881 745 900 766 a
921 734 1025 766 Mosis

289 777 408 820 spiritu
417 777 551 810 sustulit
560 779 662 817 Deus,
672 783 706 810 et
715 778 924 820 septuaginta
935 777 1026 809 dedit

289 821 483 860 senioribus,
500 821 580 864 qnid
590 821 840 864 intelligendum
856 832 915 863 per
930 821 1026 863 spiri-

289 870 360 896 tum
375 864 451 897 Dei.
466 864 545 897 ibid.

289 913 365 950 post
395 908 524 940 Mosem
558 908 729 951 prophetae
766 907 1025 940 enthusiasmum

290 951 539 994 praetenderunt
554 951 646 983 nulli.
664 951 709 983 iii.
728 955 780 984 63.

290 994 379 1037 quod
405 994 461 1026 ille
484 994 554 1026 dies
570 1000 696 1027 tantum
713 993 932 1036 quadraginta
951 994 1027 1026 abe-

290 1043 353 1076 rat,
369 1038 509 1080 populus
526 1037 728 1070 Israeliticns
743 1037 779 1069 in
807 1037 1026 1070 idololatriam

290 1081 502 1114 relaberetur.
517 1081 562 1112 iii.
580 1085 631 1113 95.

291 1125 363 1167 ejus
379 1124 433 1156 lex
449 1127 484 1156 de
499 1126 645 1165 aequitate.
661 1123 697 1155 ii.
715 1128 776 1156 204
786 1123 1025 1166 .—exemplum

290 1167 326 1199 in
341 1173 418 1199 sorte
431 1170 598 1199 dividendo.
614 1167 647 1199 ii.
661 1171 734 1199 205.

291 1210 463 1261 potestatis
475 1212 546 1253 ejus
559 1211 619 1242 sub
628 1211 701 1242 Deo
714 1209 856 1242 initium.
866 1209 899 1242 ii.
910 1212 1026 1243 278-9.

262 1280 264 1282 v
291 1254 341 1286 illi
357 1254 537 1286 debebatur
550 1265 570 1286 a
584 1254 706 1304 populo
721 1253 904 1286 Israelitico
916 1253 1028 1285 obedi-

291 1297 381 1329 entia
396 1297 552 1329 absoluta.
569 1297 615 1329 ιιι.
632 1301 702 1330 155.

292 1340 452 1373 Israelitis
472 1340 582 1383 jussit,
597 1346 634 1372 ut
659 1340 750 1382 leges
778 1339 1029 1372 Deuteronomii

291 1384 442 1427 postibus
458 1390 492 1416 et
501 1384 614 1427 januis
629 1383 859 1422 inscriberent,
873 1394 939 1426 qua
952 1393 1029 1414 cau-

292 1438 336 1460 sa..
353 1427 387 1459 ii.
403 1431 462 1459 201
473 1427 561 1460 :—in
576 1433 721 1459 montem
737 1426 829 1460 Sinai
853 1427 894 1459 ad
920 1427 1028 1458 Deum

292 1471 440 1502 ascendit
456 1470 553 1502 solus.
569 1470 616 1503 iii.
632 1474 707 1503 208.

292 1514 377 1546 liber
407 1513 624 1546 Pentateuchi
650 1524 716 1545 non
744 1513 876 1545 videtur
900 1513 1029 1544 Mosem

293 1557 448 1589 habuisse
471 1557 675 1607 scriptorem.
690 1557 736 1589 iii.
753 1560 812 1590 271
825 1556 968 1589 :-—illius
990 1556 1030 1587 li-

293 1600 346 1632 bri
361 1601 473 1633 Moses
489 1600 621 1643 scripsit
643 1602 775 1632 volumen
796 1602 866 1641 leyis
892 1605 1029 1632 tantum.

292 1644 339 1676 ιιι.
357 1647 431 1683 272,
444 1648 507 1677 379
517 1644 651 1686 :—quid
667 1643 834 1686 explicant
848 1643 939 1675 illius
953 1642 1030 1675 libri

293 1693 436 1730 quatuor
450 1688 569 1720 ultimi.
582 1687 628 1720 iii.
645 1691 684 1720 27
691 1690 719 1720 7.

293 1730 343 1762 illi
355 1731 507 1773 apparuit
523 1732 614 1763 Deus
637 1731 673 1762 in
690 1729 814 1762 visione
839 1729 980 1762 flammae
996 1734 1031 1762 et

294 1773 386 1806 rubo.
403 1774 449 1806 ιιι.
465 1779 665 1816 304z—post
679 1784 785 1806 aevum
810 1773 925 1812 Mosis‚
942 1773 1031 1805 locu·-

294 1822 349 1849 tus
365 1823 415 1852 est
430 1828 560 1860 semper
569 1828 629 1860 per
638 1817 796 1849 visionem
808 1822 842 1848 et
856 1816 1030 1848 somnium.

294 1860 342 1893 iii.
355 1864 455 1893 304-5
467 1861 608 1894 :——Mosi
624 1860 685 1892 soli
698 1860 795 1892 modo
803 1859 1032 1892 extraordina-

295 1904 346 1936 rio
362 1904 491 1936 locutus
514 1911 565 1936 est
584 1904 620 1935 in
643 1910 754 1935 monte
771 1903 872 1936 Sinai.
886 1903 933 1935 iii.
949 1907 1031 1935 305:

294 1952 373 1979 —et
399 1958 526 1980 summo
552 1946 715 1979 sacerdoti
734 1946 769 1978 in
795 1946 1030 1979 Tabernaculo.

295 1990 549 2023 ibid.:-tamen
564 2001 630 2023 non
656 1990 752 2022 aliter
768 2001 865 2032 quam
891 2000 951 2032 per
974 2000 1032 2021 an-

296 2034 398 2076 gelos.
421 2033 499 2066 ibid.
508 2033 597 2067 2—id
617 2039 677 2072 est,
700 2043 760 2083 per
781 2033 949 2072 visionem,
974 2033 1031 2065 sed

295 2077 469 2109 clariorem
486 2088 584 2120 quam
607 2083 735 2109 caeterls
750 2076 932 2119 prophetis.
947 2076 1030 2108 ibid.

295 2120 531 2163 prophetarum
561 2130 788 2163 supremorum
818 2120 952 2162 primus.
983 2119 1030 2151 iii.

290 2209 405 2251 jussus
417 2219 436 2239 a
447 2208 520 2240 Deo
529 2206 697 2240 Israelitas
708 2218 727 2238 a
738 2206 895 2239 servitute
905 2206 1032 2248 AEgyp·

297 2251 381 2283 tiaca
406 2250 556 2289 liberare,
573 2250 654 2293 qnid
677 2250 764 2282 dixit
787 2250 870 2282 Deo.
885 2249 932 2281 iii.
949 2253 1030 2282 315:

295 2294 390 2326 -illi
415 2300 610 2337 potestatem
637 2293 728 2326 dedit
753 2294 846 2326 Deus
875 2292 1032 2324 miracula

294 2349 316 2370 o
340 2338 463 2376 eraudi,
479 2348 588 2380 quare.
604 2336 685 2369 ibid.

296 2348 455 2431 obligatio
483 2380 707 2412 Israelitarum
742 2379 784 2412 ad
813 2378 1032 2412 obediendum

297 2425 396 2462 Μοει,
412 2424 549 2456 fundata
563 2430 634 2455 erat
652 2423 687 2454 in
701 2433 872 2455 consensu.
889 2421 936 2454 iii.
952 2426 1031 2454 340:

295 2467 396 2499 -ille
407 2467 495 2499 solus
507 2477 680 2509 personam
693 2466 756 2498 Dei
767 2465 879 2508 gessit.
891 2465 938 2498 ιιι.
948 2469 1008 2497 341
1024 2478 1032 2498 :

296 2510 430 2543 —solus
444 2511 555 2543 Deum
570 2509 743 2542 consuluit.
756 2509 835 2541 ibid.
848 2507 1033 2550 z—religio·

298 2554 350 2586 nis
358 2553 559 2587 ceremonias
572 2553 607 2584 in
622 2552 739 2584 Exodo
750 2558 783 2585 et
795 2551 943 2584 Levitico
955 2562 1030 2583 con-

297 2602 415 2636 tentas,
445 2597 535 2629 solus
563 2595 737 2628 ordinavit.
762 2595 842 2628 ibid.
850 2594 961 2628 z—illo
988 2594 1034 2626 vi-

298 2647 404 2680 vente,
419 2640 530 2673 nullus
544 2645 615 2672 erat
629 2638 664 2671 in
678 2638 795 2671 castris
811 2637 1034 2671 Israelitarum

298 2684 469 2727 propheta,
493 2682 558 2716 nisi
573 2693 672 2726 quem
699 2682 811 2714 Moses
835 2681 1035 2725 approbave-

299 2733 361 2760 rat.
377 2727 423 2760 iii.
440 2731 504 2760 343
515 2724 715 2760 2—M0saica
729 2725 784 2758 lex
811 2724 1034 2758 Israelitarum

298 2777 371 2803 erat
385 2771 439 2803 lex
455 2769 571 2803 civilis.
586 2769 632 2802 iii.
647 2773 720 2802 346.

300 2825 367 2864 quo
384 2821 529 2855 tempore
539 2811 666 2845 addidit
680 2812 770 2862 leges
786 2811 956 2851 secundas,
973 2810 1035 2843 sci-

300 2857 378 2890 licet
393 2855 698 2890 Deuteronomium.
710 2855 757 2888 ιιι.
774 2859 848 2889 379.

263 2925 267 2928 -
301 2901 450 2934 Mosaica
464 2900 519 2934 lex
534 2902 571 2932 de
592 2900 722 2939 decimis,
738 2909 839 2942 quare
853 2898 895 2932 ad
923 2897 1023 2931 minis

942 244 1142 278 INDEX.

1095 350 1164 377 tros
1187 343 1361 387 Evangelii
1383 343 1541 388 applicari
1564 354 1631 377 non
1651 344 1769 388 potuit.
1782 345 1832 381 iii.

1095 433 1166 475 ejus
1189 430 1333 474 spiritus,
1350 431 1481 474 quando
1497 432 1589 464 Deus
1608 437 1735 474 partem
1759 433 1833 476 ejus

1099 477 1299 515 Septua'qinta
1322 476 1404 507 Viris
1424 474 1525 512 dedit,
1552 474 1742 508 debilitatus
1764 486 1833 508 non

1094 518 1166 550 fuit.
1190 517 1235 550 iii.
1253 522 1312 549 421
1330 518 1440 550 z—sed
1480 518 1546 550 uod
1566 519 1659 550 Deus
1682 518 1832 551 authori-

1095 566 1195 593 tatem
1205 561 1339 592 illorum
1353 561 1393 593 ab
1407 567 1464 593 aut
1490 562 1608 594 oritate
1622 561 1727 594 Mosis
1742 561 1832 595 deri·

1094 610 1201 636 vatam
1216 615 1287 636 esse
1299 604 1495 637 ostenderet.
1512 604 1593 637 ibid.

1094 647 1144 679 illi
1155 647 1315 679 creditum
1326 653 1376 679 est
1391 653 1526 690 propter
1533 650 1679 679 miracula
1690 652 1725 681 et

1094 690 1127 723 ii.
1145 695 1206 723 359
1216 691 1300 724 :--ei
1317 701 1383 722 non
1405 691 1566 723 creditum
1590 690 1716 730 fuisset,
1741 691 1770 724 si
1791 691 1835 724 ad

1095 734 1195 765 alium
1210 734 1335 766 cultum
1346 744 1443 776 quam
1459 734 1501 766 ad
1515 733 1640 767 cultum
1648 734 1715 767 Dei
1724 735 1835 767 Abra-

1081 775 1184 808 ⁸hami
1199 784 1374 809 evocasset.
1388 777 1424 809 ii.
1439 781 1512 810 360.

1095 831 1161 852 non
1176 822 1302 859 Aaron,
1319 820 1376 852 sed
1398 821 1511 853 Moses
1525 831 1666 863 regnum
1685 820 1746 854 sub
1762 821 1836 854 Deo

1096 863 1219 896 habuit.
1240 864 1274 896 ii.
1291 868 1517 906 3642—quare
1541 864 1679 914 imperio
1701 864 1836 908 proprio

1095 913 1201 939 morte
1217 907 1368 939 multavit
1384 907 1556 939 neminem.
1572 907 1606 939 ιι.
1622 911 1696 940 366.

1095 951 1167 992 ejus
1183 950 1331 993 regimen
1345 950 1552 993 pro-regium
1567 950 1640 983 fuit.
1656 950 1691 983 ii.
1707 954 1781 984 376.

1095 993 1185 1036 leges
1199 1005 1312 1026 omnes
1325 994 1480 1026 Mosaicae
1491 1004 1557 1026 non
1569 1001 1646 1027 sunt
1657 993 1748 1037 leges
1759 993 1836 1027 Dei.

1095 1036 1143 1069 iii.
1157 1041 1231 1070 346.

1097 1080 1187 1122 quali
1201 1080 1269 1112 ritu
1284 1080 1519 1118 Tabernacula,
1536 1080 1663 1120 Altam,
1680 1085 1713 1113 et
1729 1081 1837 1114 Uten-

1097 1123 1172 1155 silia
1186 1124 1398 1156 consecravit.
1413 1123 1460 1156 iii.
1477 1128 1550 1156 463.

1097 1166 1209 1209 aliquo
1218 1167 1316 1199 modo
1324 1177 1496 1217 personam
1506 1166 1610 1209 gessit
1618 1167 1695 1199 Dei.
1704 1166 1752 1200 iii.
1763 1171 1838 1201 563.

1056 1209 1338 1242 Morrus—diurm
1352 1210 1480 1242 telluris
1496 1210 1689 1260 hypothesis
1703 1210 1838 1254 excogi-

1099 1258 1166 1285 tata
1176 1253 1283 1296 primo
1293 1264 1313 1285 a
1322 1253 1496 1286 veteribus.
1508 1264 1529 1286 1.
1543 1264 1623 1296 epis.
1632 1253 1736 1286 dedic.
1743 1254 1837 1288 Com.

1099 1297 1438 1329 Devon.:—-naturam
1457 1302 1575 1335 motus,
1597 1297 1745 1340 physioae
1764 1297 1840 1329 uni-

1099 1350 1201 1372 versae
1213 1346 1340 1382 portam
1355 1340 1505 1383 primam,
1521 1339 1649 1390 aperuit
1662 1340 1758 1373 nobis
1770 1340 1839 1374 Ga-

1098 1383 1214 1415 lilaeus.
1230 1383 1423 1415 ibid.:——ille
1439 1383 1608 1426 sanguinis
1623 1383 1766 1417 Harvaeo
1780 1383 1839 1416 de-

1099 1431 1205 1458 tectus
1220 1432 1254 1459 et
1267 1426 1520 1458 demonstratus.
1535 1426 1615 1459 ibid.

1098 1477 1208 1502 motus
1223 1469 1455 1502 universalium
1466 1470 1614 1502 omnium
1625 1480 1732 1503 causa.
1746 1469 1769 1503 ἱ.
1780 1474 1838 1504 ⁶2:

1099 1524 1185 1545 -ex
1208 1513 1364 1545 varietate
1390 1518 1539 1545 motuum
1567 1513 1674 1546 oritur
1698 1513 1840 1547 varietas

1099 1556 1279 1598 figurarum
1296 1555 1452 1588 omnium.
1469 1556 1549 1589 ibid.

1099 1610 1230 1631 causam
1253 1599 1350 1631 aliam
1372 1605 1494 1642 praeter
1509 1599 1611 1632 alium
1632 1604 1759 1632 motum
1780 1599 1841 1633 ha-

1099 1643 1178 1675 bere
1192 1643 1335 1686 intelligi
1351 1653 1417 1675 non
1430 1648 1548 1686 potest.
1564 1642 1585 1676 i.
1602 1647 1654 1682 62,
1669 1646 1744 1676 389.

1099 1686 1275 1719 varietates
1297 1697 1407 1718 rerum
1429 1697 1527 1718 sensu
1549 1691 1788 1730 perceptarum,
1801 1690 1842 1720 nt

1099 1730 1247 1762 colorum
1263 1735 1335 1769 etc„
1355 1740 1486 1762 causam
1542 1729 1550 1736 ”
1625 1735 1750 1772 praeter
1769 1740 1843 1763 mo·

1101 1779 1171 1805 tum
1198 1773 1322 1805 habent
1347 1773 1484 1805 nullum.
1508 1772 1531 1805 i.
1555 1777 1606 1812 62,
1629 1775 1703 1812 317,
1720 1777 1842 1806 321:-

1101 1823 1209 1849 motus
1224 1817 1280 1848 ille
1296 1816 1402 1859 qualis
1418 1816 1471 1855 sit,
1492 1816 1563 1848 sine
1590 1815 1841 1850 ratiocinatione

1100 1859 1255 1903 cognosci
1271 1870 1337 1892 non
1352 1865 1469 1903 potest.
1486 1859 1508 1892 i.
1526 1863 1577 1892 62.

1100 1903 1277 1946 plerisque,
1289 1908 1326 1935 ut
1340 1902 1553 1935 mutationem
1565 1902 1602 1934 in
1614 1907 1708 1935 motu
1715 1903 1843 1936 consis-

1101 1953 1170 1979 tere
1185 1946 1382 1989 intelligant,
1394 1957 1495 1989 quare
1507 1945 1744 1979 monstratione
1758 1957 1843 1990 opus

1101 1997 1161 2022 est.
1177 1990 1198 2022 i.
1216 1994 1266 2023 62.

1101 2039 1210 2065 motus
1226 2039 1277 2065 est
1298 2032 1362 2065 loci
1384 2032 1482 2065 unius
1503 2031 1646 2076 privatio
1658 2037 1693 2066 et
1706 2032 1844 2066 alterins

1102 2076 1285 2119 acquisitio.
1301 2076 1326 2108 i.
1342 2080 1394 2115 62,
1411 2080 1484 2109 176.

1101 2121 1136 2152 ιιι
1147 2119 1370 2162 inquisitione,
1383 2119 1491 2162 qualis
1503 2123 1611 2151 motus
1622 2118 1737 2162 quales
1744 2119 1843 2152 effec-

1102 2169 1155 2195 tus
1171 2169 1316 2205 generet,
1340 2173 1413 2205 quae
1429 2162 1569 2194 videnda
1590 2167 1678 2195 sunt.
1699 2162 1722 2195 i.
1738 2167 1841 2196 63:—

1102 2213 1177 2249 post
1197 2212 1305 2238 motus
1328 2205 1522 2248 simpliciter
1535 2205 1842 2247 considerationem,

1102 2249 1340 2282 consideranda
1354 2259 1393 2280 ea
1431 2259 1481 2280 uae
1496 2254 1606 2281 motus
1615 2248 1714 2281 unius
1725 2259 1843 2293 corpo·

1101 2293 1148 2325 ris
1170 2292 1269 2325 efficit
1283 2292 1319 2324 in
1340 2259 1430 2323 aliud
1444 2302 1572 2334 corpus.
1594 2290 1673 2325 ibid.
1681 2298 1844 2326 z-motus

1102 2346 1173 2368 esse
1188 2341 1296 2378 potest
1310 2335 1343 2366 in
1360 2334 1509 2378 partibus
1530 2345 1570 2367 co
1632 2334 1678 2368 ris
1693 2334 1843 2387 singulis,

1102 2379 1148 2412 ita
1164 2385 1200 2411 ut
1216 2384 1321 2411 totum
1337 2389 1396 2409 suo
1409 2377 1482 2410 loco
1502 2388 1568 2410 non
1606 2378 1730 2412 eoedat.
1745 2379 1843 2412 naida

1101 2433 1215 2465 -quae
1222 2428 1312 2454 motu
1321 2421 1463 2464 partium
1473 2420 1620 2464 corporis
1630 2421 1723 2460 fiunt,
1733 2421 1845 2465 inqui-

1103 2465 1205 2498 renda
1213 2471 1288 2508 post
1295 2463 1590 2497 considerationem
1599 2465 1844 2508 praedictorum.

1102 2508 1125 2541 i.
1142 2513 1196 2542 64.

1104 2559 1213 2584 motus
1233 2550 1427 2590 animorum,
1450 2555 1528 2583 sunt
1551 2561 1659 2584 causae
1684 2553 1844 2594 ιφμιίῦιι,

1103 2597 1274 2633 aversionis,
1290 2596 1400 2626 amoris
1414 2599 1487 2633 etc„
1502 2594 1524 2627 i.
1542 2598 1593 2632 64,
1609 2598 1684 2628 326.

1104 2644 1252 2670 motuum
1268 2637 1336 2670 vias
1358 2637 1579 2680 investigandi
1598 2637 1690 2671 ordo.
1703 2637 1726 2671 i.
1742 2642 1846 2673 652-

1103 2692 1211 2714 causae
1226 2687 1373 2714 motuum
1390 2681 1574 2713 animorum
1587 2691 1628 2714 oo
1675 2687 1844 2723 osonntur,

1106 2735 1171 2757 non
1187 2724 1284 2756 modo
1307 2724 1566 2764 ratiocinatione,
1669 2724 1770 2758 etiam
1784 2735 1845 2759 ex-

1105 2767 1275 2811 perientia.
1289 2767 1368 2801 ibid.

1106 2810 1191 2844 actio
1216 2822 1281 2854 qua
1305 2816 1483 2862 generatur
1509 2810 1631 2850 lumen,
1656 2815 1709 2844 est
1734 2815 1846 2846 mom

1107 2854 1250 2898 partium
1265 2854 1386 2897 objecti
1400 2853 1510 2886 lucidi.
1524 2853 1546 2887 i.
1563 2857 1614 2887 69.

1109 2904 1216 2931 motus
1238 2897 1397 2931 definitio.
1412 2897 1433 2931 i.
1450 2896 1614 2931 97z—nisi
1635 2896 1672 2930 in
1697 2902 1848 2942 temporo
