1982 3204
495 305 755 341 nostum
782 301 1211 340 onoun'rmcuu.
1479 289 1543 333 25

160 419 291 468 latus
324 423 375 466 et
407 416 566 480 majus
597 421 902 479 segmentum
934 413 1102 461 divisae
1125 410 1216 459 AB
1248 417 1465 458 extrema
1495 416 1547 457 et
1592 425 1703 453 nor.
1724 422 1797 450 vn.

162 493 326 543 media
369 493 572 540 ratione.
643 491 769 539 Nam
819 490 929 553 (per
973 485 1163 534 Coroll.
1202 485 1548 549 propositionis
1566 469 1834 547 mmm..

162 569 309 634 hujus
325 568 518 633 primae)
538 575 712 630 quarta
727 581 840 629 pars
859 563 1025 612 lateris
1043 561 1132 610 AB
1151 561 1229 608 vel
1247 558 1334 609 DC
1350 560 1550 623 aequalis
1567 562 1655 583 “⁰¹²⁸
1669 551 1782 582 ⁶¹⁰⁰st

164 653 243 694 est
273 651 422 692 rectae
447 643 531 690 FK
555 657 653 690 una
683 656 795 689 cum
827 638 1105 688 differentia
1139 637 1268 684 inter
1301 636 1551 683 semilatns

165 727 218 769 et
239 720 397 783 majus
419 724 725 781 segmentum
747 714 930 763 lateris.
980 711 1143 772 Quare
1161 710 1417 759 dimidium
1434 710 1552 757 late·

166 796 251 853 ris,
268 795 322 844 id
343 802 420 843 est
441 809 516 851 ae,
540 791 739 855 aequalis
768 798 844 838 est
876 788 1038 853 duplae
1074 788 1177 846 FK,
1201 794 1252 834 et
1276 785 1436 849 duplae
1460 783 1553 832 dif-

167 870 387 920 ferentiae
401 869 530 916 inter
544 868 701 930 majus
718 872 1027 929 segmentum
1047 862 1213 910 lateris
1228 869 1277 910 et
1291 861 1554 922 semilatus.

171 945 271 996 Sed
293 945 374 994 aR
395 951 470 992 est
495 942 643 1006 dupla
666 942 769 990 FK.
840 940 1000 1001 Quare
1031 940 1105 987 Re
1134 947 1209 986 est
1240 937 1389 1001 dupla
1418 926 1557 984 diffe-

170 1021 345 1071 rentiae
367 1020 498 1068 inter
516 1019 672 1082 majus
696 1025 1003 1081 segmentum
1024 1014 1192 1063 lateris
1216 1020 1267 1063 et
1290 1012 1556 1062 semilatuS.

735 1234 999 1242 ——-—·

686 1364 873 1413 PROP.
906 1363 1047 1412 VIII.

174 1476 574 1525 Dnscmnmun
594 1490 762 1522 rursus
793 1474 1086 1537 quadratum
1110 1471 1307 1531 ABCD,
1340 1478 1392 1519 et
1422 1486 1567 1519 arcus

175 1550 508 1616 quadrantalis
528 1549 641 1606 BD;
660 1558 710 1598 et
723 1551 867 1598 lateri
886 1548 967 1598 BC
983 1549 1242 1613 adjiciatur
1261 1546 1347 1606 Gk,
1366 1546 1567 1610 aequalis

176 1626 400 1691 tangenti
416 1631 480 1675 30
494 1626 760 1690 graduum;
781 1625 1087 1688 ducaturque
1103 1631 1238 1672 recta
1253 1622 1348 1671 AJt.
1373 1621 1569 1670 Deinde

176 1701 231 1751 in
252 1702 405 1750 latere
428 1701 516 1750 AB
551 1710 774 1750 sumatur
797 1701 880 1749 Aa
913 1699 1109 1764 aequalis
1143 1705 1292 1747 rectae
1317 1698 1393 1746 Ac
1422 1698 1568 1746 factae

178 1786 431 1843 segmento
453 1778 628 1841 majori
650 1777 820 1826 lateris
844 1776 949 1835 AB,
974 1775 1116 1824 divisi
1140 1782 1359 1823 extrema
1381 1781 1432 1822 et
1464 1789 1570 1821 me·

180 1853 263 1902 dia
291 1853 499 1912 ratione,
533 1854 724 1917 aequali.
794 1853 1063 1910 Postremo,
1087 1850 1298 1899 ducatur
1320 1849 1387 1898 ab
1409 1849 1571 1914 paral-

179 1929 277 1978 lela
297 1929 439 1978 lateri
463 1927 562 1988 BC,
587 1945 758 1977 secans
782 1928 864 1976 Alc
887 1928 937 1976 in
963 1927 1006 1975 b.

250 2006 374 2054 Dico
403 2013 590 2054 rectam
622 2004 684 2053 ab
712 2005 1054 2053 subtensuram
1085 2018 1191 2051 esse
1222 2002 1343 2050 duas
1376 2001 1573 2064 quintas

179 2097 326 2131 arcus
348 2081 683 2145 quadrantalis
706 2080 798 2139 lem,
824 2079 1056 2143 descripti
1086 2077 1449 2126 semidiametro
1474 2075 1571 2124 Bk:

184 2166 237 2206 et
259 2156 381 2205 duas
405 2156 513 2204 illas
537 2156 733 2220 quintas
756 2154 966 2219 aequales
990 2169 1094 2202 esse
1115 2153 1259 2202 lateri
1283 2151 1390 2200 AB.

253 2232 500 2282 Quoniam
525 2232 657 2280 enim
682 2231 763 2279 Aa
787 2240 863 2279 est
885 2231 1044 2293 majus
1074 2236 1381 2292 segmentum
1409 2226 1576 2275 lateris

187 2306 271 2357 Bc
306 2306 450 2356 divisi
484 2315 703 2356 extrema
736 2315 786 2355 et
819 2306 981 2355 media
1013 2306 1219 2363 ratione,
1248 2320 1307 2352 ea
1340 2303 1467 2351 latus
1502 2308 1578 2350 est

189 2382 429 2447 decagoni
451 2383 503 2431 in
525 2382 709 2431 circulo
732 2382 872 2445 cujus
891 2379 1254 2429 semidiameter
1270 2385 1344 2426 est
1358 2377 1446 2425 AB
1469 2377 1580 2440 (per

188 2458 344 2507 Elem.
359 2459 456 2516 xiv,
470 2474 610 2523 prop.
633 2459 713 2519 4):
739 2465 789 2506 et
811 2455 1075 2505 subtendet
1098 2455 1181 2503 illa
1204 2454 1444 2502 decimam
1467 2467 1580 2515 par-

188 2539 292 2582 tem
314 2534 467 2582 totius
494 2532 764 2598 perimetri,
788 2532 840 2580 id
870 2540 947 2580 est
973 2532 1193 2595 quintam
1224 2536 1415 2594 partem
1440 2526 1579 2576 semi-

189 2610 458 2674 perimetri,
482 2608 534 2658 id
557 2616 633 2657 est
656 2608 778 2656 duas
802 2608 997 2671 quintas
1021 2621 1166 2654 arcus
1189 2604 1295 2652 BD.

261 2685 386 2734 Cum
408 2701 526 2749 ergo
550 2692 689 2732 recta
707 2682 783 2731 Bk
801 2691 997 2731 ostensa
1019 2682 1082 2730 sit
1099 2680 1300 2745 aequalis
1318 2678 1455 2727 arcui
1474 2676 1581 2733 BD,

191 2760 291 2809 erit
310 2768 368 2809 ut
392 2760 482 2809 AB
505 2760 570 2809 ad
594 2759 688 2819 Aa,
712 2760 782 2807 ita
804 2758 880 2806 Bk
906 2758 979 2820 (id
1001 2766 1075 2806 est
1099 2772 1239 2805 arcus
1274 2754 1385 2815 BD)
1414 2752 1476 2801 ad
1500 2750 1580 2798 ab.

266 2835 430 2885 Quare
449 2835 513 2884 ab
529 2843 603 2884 oet
625 2836 782 2899 majus
799 2842 1107 2898 segmentum
1131 2839 1279 2881 rectae
1305 2829 1395 2888 Bk,
1416 2827 1583 2876 divisae

201 2918 419 2959 extrema
440 2919 492 2960 et
514 2910 676 2959 media
697 2909 904 2958 ratione.
