1982 3204
540 321 651 354 Lux
679 319 1104 354 MATREMA'MCA.
1434 313 1517 357 101

136 428 376 478 decimam
394 445 575 479 nonam
594 431 979 479 indemonstrata
993 439 1123 479 sunt.
1171 431 1373 480 Decima
1395 448 1526 481 nona
1542 451 1806 478 comam-na·

136 512 302 554 autem
326 505 431 554 haec
455 516 562 555 est:
1623 506 1686 531 ⁸¹*
1703 505 1729 531 ¹·
1762 551 1768 560 ,

205 579 265 628 Si
290 587 612 647 proponatur
644 575 803 630 series
825 580 1159 645 quantitatum
1194 580 1243 628 in
1268 575 1526 645 duplicata

137 654 332 703 ratione
378 655 688 704 arithmetice
721 654 1186 720 proportionalium,
1231 655 1336 703 sive
1369 657 1526 718 juxta

136 729 315 778 seriem
354 746 657 779 numerorum
696 730 1096 794 quadraticorum
1128 731 1354 778 continue
1393 747 1526 779 cres-

138 804 361 861 centium,
386 821 418 853 a
439 812 621 870 puncto
646 804 724 853 vel
743 810 775 853 0
801 805 1155 864 inchoatarum,
1178 812 1319 870 puta,
1343 812 1398 853 ut
1413 812 1460 864 Ο,
1485 813 1525 863 l,

138 887 186 939 4,
202 886 250 939 9,
275 885 348 938 16,
368 885 488 927 etc..·
502 880 818 944 propositum
837 880 904 927 sit
923 880 1172 944 inquirere
1185 898 1330 945 quam
1347 881 1530 936 habea(

138 955 232 1004 illa
248 954 488 1002 rationem
505 954 577 1002 ad
586 954 761 1002 seriem
781 955 981 1003 totidem
1000 956 1226 1004 maximae
1246 956 1525 1021 aequalium.

206 1030 330 1079 Fiat
355 1029 675 1094 investigatio
689 1046 792 1095 per
815 1031 1003 1079 modum
1028 1031 1342 1091 inductionis,
1368 1033 1452 1092 (ut
1476 1033 1526 1080 in

126 1121 282 1178 prop.
314 1108 386 1167 l).
455 1104 529 1153 Et
552 1106 650 1154 erit

513 1450 871 1491 0414449-14—
901 1451 919 1480 7
1002 1453 1014 1482 ι
1085 1454 1131 1499 ι-

515 1505 728 1535 9÷9÷9÷9
781 1504 824 1534 36
894 1507 931 1535 is
986 1484 1126 1536 3⁴18

125 1611 188 1673 'E
189 1630 211 1673 t
227 1624 303 1673 sic
317 1623 566 1688 deinceps.
607 1621 760 1670 Ratio
772 1623 1068 1687 proveniens
1083 1631 1159 1673 est
1174 1624 1351 1690 ubique
1364 1627 1526 1690 major

135 1714 281 1766 quam
292 1697 569 1764 subtripla,
593 1714 678 1745 seu
699 1714 741 1768 ὲ.
813 1697 1068 1746 Excessus
1091 1706 1252 1748 autem
1279 1708 1525 1766 perpetuo

128 1774 381 1823 ¹decrescit
394 1779 553 1838 prout
570 1789 793 1821 numerus
812 1773 1127 1822 terminorum
1141 1782 1378 1840 augetur:
1394 1784 1526 1842 puta

130 1846 176 1909 ὲ,
211 1846 261 1911 ὲ,
291 1849 341 1911 ¹¹3,
365 1849 425 1910 ᾗ,
452 1847 503 1909 ,¹,-‚‚
526 1846 584 1909 3¹3»
600 1854 690 1896 etc.
706 1866 724 1903 ,·
747 1854 894 1896 aucto
908 1849 1132 1897 nimirum
1136 1851 1422 1915 fractionis
1439 1853 1525 1900 de-

125 1918 455 1982 ¹nominatore,
490 1925 595 1971 sive
628 1931 945 1987 consequente
978 1926 1194 1974 rationis
1225 1927 1274 1975 in
1306 1927 1526 1991 singulis

127 1999 259 2049 'locis
281 2015 476 2048 numero
500 1999 714 2057 senario,
732 2005 785 2046 ut
798 2005 950 2064 patet
967 2018 985 2054 ,·
1010 2007 1064 2048 ut
1080 2002 1150 2049 sit
1173 2003 1388 2051 rationis
1405 2020 1525 2068 pro·

125 2071 372 2124 *venientis
387 2090 619 2123 excessus
633 2090 791 2139 supra
808 2073 1122 2139 subtriplum,
1137 2094 1197 2125 ea
1214 2095 1357 2142 quam
1374 2078 1525 2127 habet

135 2151 303 2199 unitas
333 2149 407 2198 ad
440 2148 719 2214 sextuplum
756 2149 945 2198 numeri
984 2153 1301 2201 terminorum
1323 2160 1522 2218 posto:

123 2219 371 2290 ‘'adeoque,
395 2230 491 2274 etc.

124 2316 130 2323 ’
201 2303 568 2352 Examinentur.
616 2301 763 2351 Quod
778 2290 887 2361 ⁸1—‡÷,
903 2319 1014 2351 cum
1028 2303 1204 2354 fractio
1225 2306 1305 2365 sit,
1324 2308 1524 2371 aequalis

124 2385 212 2428 'est
232 2378 277 2438 ᾖ,
300 2376 353 2427 id
375 2386 466 2436 est,
491 2377 694 2426 dimidio
726 2377 947 2438 unitatis,
971 2379 1073 2427 sive
1102 2381 1243 2430 unius
1274 2383 1522 2446 quadrati:

135 2465 251 2502 nam
271 2454 474 2518 ponitur
503 2459 521 2502 l
551 2453 647 2501 hoe
677 2453 786 2501 loco
819 2470 910 2518 pro
941 2470 1039 2503 uuo
1071 2457 1332 2519 quadrato:
1369 2459 1522 2507 mani-

86 2526 103 2541 ⁰
121 2520 317 2577 'festum
340 2537 430 2577 est.
478 2528 661 2577 Verum
684 2528 804 2577 item
828 2538 916 2589 est,
936 2530 1068 2593 quod
1083 2533 1110 2587 ὲ
1124 2533 1311 2596 aequale
1335 2541 1407 2582 est
1423 2533 1450 2586 ὲ
1473 2543 1525 2582 et

131 2601 166 2664 ζ-
190 2603 364 2652 simul:
387 2619 538 2668 quare
561 2613 613 2652 et
635 2619 861 2653 excessus
885 2607 908 2659 ὲ
934 2620 1082 2669 supra
1101 2605 1129 2658 ὲ
1152 2616 1227 2655 est
1246 2606 1274 2669 ὲ
1295 2645 1308 2656 .

125 2691 134 2707 “
207 2684 410 2743 Rursus,
432 2686 612 2734 habeat
634 2686 783 2735 series
806 2689 902 2736 tria
925 2679 1110 2745 loca‚⁰*
1129 2680 1140 2702 ¹
1157 2680 1181 2703 ψ
1197 2682 1211 2702 ⁴
1291 2692 1524 2740 Manifes-

1063 2728 1231 2755 ⁴÷⁴44⁸

138 2767 245 2811 tum
263 2763 411 2812 etiam
429 2773 503 2813 est
524 2774 718 2829 partem
734 2767 931 2815 tertiam
949 2767 1134 2816 ordinis
1152 2769 1397 2818 inferioris
1420 2786 1524 2818 esse

141 2842 189 2894 4,
213 2836 265 2885 id
287 2845 377 2896 est,
397 2848 607 2903 quatuor
630 2840 894 2903 quadrata:
924 2851 975 2890 et
998 2853 1320 2907 aggregatum
1340 2844 1525 2892 ordinis

141 2911 404 2977 superioris
426 2930 530 2964 esse
545 2918 594 2974 5,
607 2915 659 2964 id
678 2924 770 2973 est,
793 2917 1007 2980 quinque
1030 2917 1292 2981 quadrata:
1319 2919 1525 2983 ideoque
