<?xml version="1.0" encoding="UTF-8"?>
<!DOCTYPE html PUBLIC "-//W3C//DTD XHTML 1.0 Transitional//EN"
    "http://www.w3.org/TR/xhtml1/DTD/xhtml1-transitional.dtd">
<html xmlns="http://www.w3.org/1999/xhtml" xml:lang="en" lang="en">
 <head>
  <title>
</title>
<meta http-equiv="Content-Type" content="text/html;charset=utf-8" />
  <meta name='ocr-system' content='tesseract 3.04.00' />
  <meta name='ocr-capabilities' content='ocr_page ocr_carea ocr_par ocr_line ocrx_word'/>
</head>
<body>
  <div class='ocr_page' id='page_1' title='image "./operaphilosophic05hobbuoft/operaphilosophic05hobbuoft_0111.png"; bbox 0 0 1982 3204; ppageno 0'>
   <div class='ocr_carea' id='block_1_1' title="bbox 553 290 1528 332">
    <p class='ocr_par' dir='ltr' id='par_1_1' title="bbox 553 290 1528 332">
     <span class='ocr_line' id='line_1_1' title="bbox 553 290 1528 332; baseline 0.004 -4"><span class='ocrx_word' id='word_1_1' title='bbox 553 294 664 329; x_wconf 78' lang='lat' dir='ltr'>Lux</span> <span class='ocrx_word' id='word_1_2' title='bbox 693 295 1116 329; x_wconf 69' lang='grc' dir='ltr'><strong>ΜΑΤΗΕΜΑΤΙΟΑ.</strong></span> <span class='ocrx_word' id='word_1_3' title='bbox 1437 290 1528 332; x_wconf 87' lang='grc'>103</span> 
     </span>
    </p>
   </div>
   <div class='ocr_carea' id='block_1_2' title="bbox 137 402 1810 473">
    <p class='ocr_par' dir='ltr' id='par_1_2' title="bbox 137 402 1810 473">
     <span class='ocr_line' id='line_1_2' title="bbox 137 402 1810 473; baseline 0.002 -22"><span class='ocrx_word' id='word_1_4' title='bbox 137 402 314 467; x_wconf 78' lang='lat' dir='ltr'>viginti</span> <span class='ocrx_word' id='word_1_5' title='bbox 343 413 556 468; x_wconf 87' lang='lat' dir='ltr'>quatuor</span> <span class='ocrx_word' id='word_1_6' title='bbox 589 406 954 470; x_wconf 80' lang='lat' dir='ltr'><strong>quadratorum,</strong></span> <span class='ocrx_word' id='word_1_7' title='bbox 983 404 1019 467; x_wconf 58' lang='grc' dir='ltr'><strong>ὲ</strong></span> <span class='ocrx_word' id='word_1_8' title='bbox 1054 408 1259 471; x_wconf 87' lang='lat' dir='ltr'>triginta</span> <span class='ocrx_word' id='word_1_9' title='bbox 1292 425 1375 457; x_wconf 86' lang='lat' dir='ltr'>sex</span> <span class='ocrx_word' id='word_1_10' title='bbox 1408 426 1527 473; x_wconf 87' lang='lat' dir='ltr'>qua·</span> <span class='ocrx_word' id='word_1_11' title='bbox 1543 428 1810 455; x_wconf 65' lang='lat' dir='ltr'>cos-rumn-</span> 
     </span>
    </p>
   </div>
   <div class='ocr_carea' id='block_1_3' title="bbox 138 479 1773 547">
    <p class='ocr_par' dir='ltr' id='par_1_3' title="bbox 138 479 1773 547">
     <span class='ocr_line' id='line_1_3' title="bbox 138 479 1773 547; baseline 0.003 -17"><span class='ocrx_word' id='word_1_12' title='bbox 138 479 425 530; x_wconf 86' lang='lat' dir='ltr'>dratorum:</span> <span class='ocrx_word' id='word_1_13' title='bbox 473 493 524 531; x_wconf 90' lang='lat' dir='ltr'>et</span> <span class='ocrx_word' id='word_1_14' title='bbox 561 485 630 532; x_wconf 91' lang='lat' dir='ltr'>sic</span> <span class='ocrx_word' id='word_1_15' title='bbox 666 484 912 547; x_wconf 54' lang='lat' dir='ltr'>deincep&amp;</span> <span class='ocrx_word' id='word_1_16' title='bbox 996 483 1094 532; x_wconf 90' lang='lat' dir='ltr'>Sed</span> <span class='ocrx_word' id='word_1_17' title='bbox 1123 481 1165 544; x_wconf 61' lang='lat'>7¹,-</span> <span class='ocrx_word' id='word_1_18' title='bbox 1188 485 1332 533; x_wconf 90' lang='lat' dir='ltr'>unius</span> <span class='ocrx_word' id='word_1_19' title='bbox 1370 487 1529 536; x_wconf 88' lang='lat' dir='ltr'>minor</span> <span class='ocrx_word' id='word_1_20' title='bbox 1583 529 1591 539; x_wconf 83' lang='lat'>.</span> <span class='ocrx_word' id='word_1_21' title='bbox 1626 482 1732 508; x_wconf 63' lang='lat'><strong>⁸¹⁸¹·</strong></span> <span class='ocrx_word' id='word_1_22' title='bbox 1761 526 1773 539; x_wconf 75' lang='lat'><em>,</em></span> 
     </span>
    </p>
   </div>
   <div class='ocr_carea' id='block_1_4' title="bbox 137 557 1569 2812">
    <p class='ocr_par' dir='ltr' id='par_1_4' title="bbox 138 557 1533 1135">
     <span class='ocr_line' id='line_1_4' title="bbox 139 557 1529 623; baseline 0.004 -18"><span class='ocrx_word' id='word_1_23' title='bbox 139 564 215 605; x_wconf 75' lang='lat' dir='ltr'>est</span> <span class='ocrx_word' id='word_1_24' title='bbox 245 573 391 621; x_wconf 90' lang='lat' dir='ltr'>quam</span> <span class='ocrx_word' id='word_1_25' title='bbox 415 557 472 619; x_wconf 42' lang='grc' dir='ltr'>ἦ,</span> <span class='ocrx_word' id='word_1_26' title='bbox 498 559 766 607; x_wconf 86' lang='lat' dir='ltr'>duodecem</span> <span class='ocrx_word' id='word_1_27' title='bbox 801 558 1177 623; x_wconf 84' lang='lat' dir='ltr'>quadratorum:</span> <span class='ocrx_word' id='word_1_28' title='bbox 1212 567 1262 608; x_wconf 93' lang='lat' dir='ltr'>et</span> <span class='ocrx_word' id='word_1_29' title='bbox 1296 561 1401 609; x_wconf 88' lang='lat' dir='ltr'>haec</span> <span class='ocrx_word' id='word_1_30' title='bbox 1438 563 1529 610; x_wconf 89' lang='lat' dir='ltr'>mi-</span> 
     </span>
     <span class='ocr_line' id='line_1_5' title="bbox 139 631 1531 698; baseline 0.004 -18"><span class='ocrx_word' id='word_1_31' title='bbox 139 646 232 680; x_wconf 91' lang='lat' dir='ltr'>nor</span> <span class='ocrx_word' id='word_1_32' title='bbox 276 649 422 696; x_wconf 91' lang='lat' dir='ltr'>quam</span> <span class='ocrx_word' id='word_1_33' title='bbox 458 631 512 694; x_wconf 60' lang='lat'>{⁸—</span> <span class='ocrx_word' id='word_1_34' title='bbox 545 635 719 698; x_wconf 86' lang='lat' dir='ltr'>viginti</span> <span class='ocrx_word' id='word_1_35' title='bbox 764 645 975 698; x_wconf 89' lang='lat' dir='ltr'>quatuor</span> <span class='ocrx_word' id='word_1_36' title='bbox 1020 634 1388 697; x_wconf 83' lang='lat' dir='ltr'>quadratorum,</span> <span class='ocrx_word' id='word_1_37' title='bbox 1435 646 1531 686; x_wconf 88' lang='lat' dir='ltr'>etc.</span> 
     </span>
     <span class='ocr_line' id='line_1_6' title="bbox 139 707 1532 774; baseline 0.003 -18"><span class='ocrx_word' id='word_1_38' title='bbox 139 707 271 771; x_wconf 84' lang='lat' dir='ltr'>Ergo</span> <span class='ocrx_word' id='word_1_39' title='bbox 295 724 522 757; x_wconf 85' lang='lat' dir='ltr'>excessus</span> <span class='ocrx_word' id='word_1_40' title='bbox 545 709 731 757; x_wconf 87' lang='lat' dir='ltr'>ordinis</span> <span class='ocrx_word' id='word_1_41' title='bbox 754 709 1021 773; x_wconf 89' lang='lat' dir='ltr'>superioris</span> <span class='ocrx_word' id='word_1_42' title='bbox 1046 726 1194 774; x_wconf 91' lang='lat' dir='ltr'>supra</span> <span class='ocrx_word' id='word_1_43' title='bbox 1217 720 1408 774; x_wconf 88' lang='lat' dir='ltr'>partem</span> <span class='ocrx_word' id='word_1_44' title='bbox 1433 722 1532 760; x_wconf 88' lang='lat' dir='ltr'>ter-</span> 
     </span>
     <span class='ocr_line' id='line_1_7' title="bbox 139 783 1531 849; baseline 0.003 -18"><span class='ocrx_word' id='word_1_45' title='bbox 139 783 259 831; x_wconf 83' lang='lat' dir='ltr'>tiam</span> <span class='ocrx_word' id='word_1_46' title='bbox 283 783 540 843; x_wconf 85' lang='lat' dir='ltr'>inserioris,</span> <span class='ocrx_word' id='word_1_47' title='bbox 564 794 803 849; x_wconf 88' lang='lat' dir='ltr'>perpetuo</span> <span class='ocrx_word' id='word_1_48' title='bbox 822 785 998 832; x_wconf 87' lang='lat' dir='ltr'>crescit</span> <span class='ocrx_word' id='word_1_49' title='bbox 1021 802 1110 848; x_wconf 90' lang='lat' dir='ltr'>pro</span> <span class='ocrx_word' id='word_1_50' title='bbox 1134 802 1339 834; x_wconf 86' lang='lat' dir='ltr'>numero</span> <span class='ocrx_word' id='word_1_51' title='bbox 1363 788 1531 835; x_wconf 89' lang='lat' dir='ltr'>termi-</span> 
     </span>
     <span class='ocr_line' id='line_1_8' title="bbox 139 859 1533 924; baseline 0.003 -18"><span class='ocrx_word' id='word_1_52' title='bbox 139 873 314 907; x_wconf 89' lang='lat' dir='ltr'>norum</span> <span class='ocrx_word' id='word_1_53' title='bbox 338 867 450 922; x_wconf 89' lang='lat' dir='ltr'>post</span> <span class='ocrx_word' id='word_1_54' title='bbox 472 864 520 908; x_wconf 90' lang='lat'>0.</span> <span class='ocrx_word' id='word_1_55' title='bbox 590 859 756 908; x_wconf 78' lang='lat' dir='ltr'>Quare</span> <span class='ocrx_word' id='word_1_56' title='bbox 779 860 820 907; x_wconf 91' lang='lat' dir='ltr'>si</span> <span class='ocrx_word' id='word_1_57' title='bbox 843 860 992 908; x_wconf 90' lang='lat' dir='ltr'>series</span> <span class='ocrx_word' id='word_1_58' title='bbox 1015 861 1253 924; x_wconf 89' lang='lat' dir='ltr'>procedat</span> <span class='ocrx_word' id='word_1_59' title='bbox 1287 862 1338 910; x_wconf 94' lang='lat' dir='ltr'>in</span> <span class='ocrx_word' id='word_1_60' title='bbox 1370 863 1533 923; x_wconf 54' lang='lat' dir='ltr'>infini4«</span> 
     </span>
     <span class='ocr_line' id='line_1_9' title="bbox 139 926 1531 1000; baseline 0.001 -16"><span class='ocrx_word' id='word_1_61' title='bbox 139 943 262 994; x_wconf 88' lang='lat' dir='ltr'>tum,</span> <span class='ocrx_word' id='word_1_62' title='bbox 285 951 511 984; x_wconf 85' lang='lat' dir='ltr'>excessus</span> <span class='ocrx_word' id='word_1_63' title='bbox 534 937 638 999; x_wconf 88' lang='lat' dir='ltr'>ejus</span> <span class='ocrx_word' id='word_1_64' title='bbox 662 952 810 999; x_wconf 89' lang='lat' dir='ltr'>supra</span> <span class='ocrx_word' id='word_1_65' title='bbox 833 936 1128 1000; x_wconf 89' lang='lat' dir='ltr'>subtriplum</span> <span class='ocrx_word' id='word_1_66' title='bbox 1147 936 1332 985; x_wconf 91' lang='lat' dir='ltr'>ordinis</span> <span class='ocrx_word' id='word_1_67' title='bbox 1364 926 1531 985; x_wconf 55' lang='lat' dir='ltr'>inferiss</span> 
     </span>
     <span class='ocr_line' id='line_1_10' title="bbox 139 1010 1532 1075; baseline 0.001 -16"><span class='ocrx_word' id='word_1_68' title='bbox 139 1010 240 1059; x_wconf 83' lang='lat' dir='ltr'>oris</span> <span class='ocrx_word' id='word_1_69' title='bbox 262 1010 314 1059; x_wconf 92' lang='lat' dir='ltr'>in</span> <span class='ocrx_word' id='word_1_70' title='bbox 337 1010 582 1060; x_wconf 85' lang='lat' dir='ltr'>infinitum</span> <span class='ocrx_word' id='word_1_71' title='bbox 617 1011 904 1075; x_wconf 83' lang='lat' dir='ltr'>augebitur:</span> <span class='ocrx_word' id='word_1_72' title='bbox 941 1020 1134 1060; x_wconf 90' lang='lat' dir='ltr'>tantum</span> <span class='ocrx_word' id='word_1_73' title='bbox 1167 1012 1308 1061; x_wconf 87' lang='lat' dir='ltr'>abest</span> <span class='ocrx_word' id='word_1_74' title='bbox 1339 1020 1395 1061; x_wconf 92' lang='lat' dir='ltr'>ut</span> <span class='ocrx_word' id='word_1_75' title='bbox 1419 1029 1532 1061; x_wconf 89' lang='lat' dir='ltr'>eva-</span> 
     </span>
     <span class='ocr_line' id='line_1_11' title="bbox 138 1093 322 1135; baseline -0.005 0"><span class='ocrx_word' id='word_1_76' title='bbox 138 1093 322 1135; x_wconf 79' lang='lat' dir='ltr'>nescat.</span> 
     </span>
    </p>

    <p class='ocr_par' dir='ltr' id='par_1_5' title="bbox 137 1159 1569 1740">
     <span class='ocr_line' id='line_1_12' title="bbox 146 1159 1533 1226; baseline 0.001 -17"><span class='ocrx_word' id='word_1_77' title='bbox 146 1159 150 1165; x_wconf 81' lang='lat'>&#39;</span> <span class='ocrx_word' id='word_1_78' title='bbox 205 1161 378 1226; x_wconf 83' lang='lat' dir='ltr'>Itaque</span> <span class='ocrx_word' id='word_1_79' title='bbox 406 1161 655 1210; x_wconf 89' lang='lat' dir='ltr'>Wallisius</span> <span class='ocrx_word' id='word_1_80' title='bbox 687 1163 845 1226; x_wconf 91' lang='lat' dir='ltr'>primo</span> <span class='ocrx_word' id='word_1_81' title='bbox 876 1163 1120 1211; x_wconf 88' lang='lat' dir='ltr'>aberravit</span> <span class='ocrx_word' id='word_1_82' title='bbox 1151 1179 1181 1211; x_wconf 88' lang='lat' dir='ltr'>a</span> <span class='ocrx_word' id='word_1_83' title='bbox 1203 1162 1407 1211; x_wconf 88' lang='lat' dir='ltr'>veritate</span> <span class='ocrx_word' id='word_1_84' title='bbox 1439 1163 1533 1211; x_wconf 92' lang='lat' dir='ltr'>hoc</span> 
     </span>
     <span class='ocr_line' id='line_1_13' title="bbox 137 1235 1534 1302; baseline 0.001 -18"><span class='ocrx_word' id='word_1_85' title='bbox 137 1235 262 1285; x_wconf 85' lang='lat' dir='ltr'>loco.</span> <span class='ocrx_word' id='word_1_86' title='bbox 330 1236 523 1285; x_wconf 88' lang='lat' dir='ltr'>Erroris</span> <span class='ocrx_word' id='word_1_87' title='bbox 555 1253 704 1285; x_wconf 90' lang='lat' dir='ltr'>causa</span> <span class='ocrx_word' id='word_1_88' title='bbox 728 1238 921 1286; x_wconf 89' lang='lat' dir='ltr'>videtur</span> <span class='ocrx_word' id='word_1_89' title='bbox 954 1238 1119 1297; x_wconf 89' lang='lat' dir='ltr'>fuisse,</span> <span class='ocrx_word' id='word_1_90' title='bbox 1141 1237 1274 1302; x_wconf 90' lang='lat' dir='ltr'>quod</span> <span class='ocrx_word' id='word_1_91' title='bbox 1310 1238 1534 1301; x_wconf 86' lang='lat' dir='ltr'>magistri</span> 
     </span>
     <span class='ocr_line' id='line_1_14' title="bbox 137 1311 1531 1376; baseline 0.001 -16"><span class='ocrx_word' id='word_1_92' title='bbox 137 1311 437 1361; x_wconf 86' lang='lat' dir='ltr'>arithmetici</span> <span class='ocrx_word' id='word_1_93' title='bbox 468 1312 732 1376; x_wconf 88' lang='lat' dir='ltr'>discipulos</span> <span class='ocrx_word' id='word_1_94' title='bbox 764 1330 879 1362; x_wconf 90' lang='lat' dir='ltr'>suos</span> <span class='ocrx_word' id='word_1_95' title='bbox 911 1314 1087 1362; x_wconf 90' lang='lat' dir='ltr'>docere</span> <span class='ocrx_word' id='word_1_96' title='bbox 1111 1323 1168 1362; x_wconf 88' lang='lat' dir='ltr'>ut</span> <span class='ocrx_word' id='word_1_97' title='bbox 1190 1315 1407 1362; x_wconf 88' lang='lat' dir='ltr'>numeris</span> <span class='ocrx_word' id='word_1_98' title='bbox 1430 1315 1531 1362; x_wconf 90' lang='lat' dir='ltr'>suis</span> 
     </span>
     <span class='ocr_line' id='line_1_15' title="bbox 138 1389 1569 1453; baseline 0.001 -17"><span class='ocrx_word' id='word_1_99' title='bbox 138 1396 420 1452; x_wconf 82' lang='lat' dir='ltr'>supponant</span> <span class='ocrx_word' id='word_1_100' title='bbox 442 1403 520 1436; x_wconf 90' lang='lat' dir='ltr'>res</span> <span class='ocrx_word' id='word_1_101' title='bbox 538 1389 665 1452; x_wconf 87' lang='lat' dir='ltr'>ipsas</span> <span class='ocrx_word' id='word_1_102' title='bbox 689 1389 766 1437; x_wconf 90' lang='lat' dir='ltr'>vel</span> <span class='ocrx_word' id='word_1_103' title='bbox 790 1405 953 1437; x_wconf 89' lang='lat' dir='ltr'>rerum</span> <span class='ocrx_word' id='word_1_104' title='bbox 979 1389 1182 1453; x_wconf 88' lang='lat' dir='ltr'>species,</span> <span class='ocrx_word' id='word_1_105' title='bbox 1205 1405 1306 1436; x_wconf 91' lang='lat' dir='ltr'>non</span> <span class='ocrx_word' id='word_1_106' title='bbox 1327 1389 1533 1438; x_wconf 88' lang='lat' dir='ltr'>soleant.</span> <span class='ocrx_word' id='word_1_107' title='bbox 1560 1418 1569 1423; x_wconf 48' lang='lat'><em>1</em></span> 
     </span>
     <span class='ocr_line' id='line_1_16' title="bbox 139 1463 1534 1528; baseline 0 -16"><span class='ocrx_word' id='word_1_108' title='bbox 139 1463 333 1528; x_wconf 89' lang='lat' dir='ltr'>Ubique</span> <span class='ocrx_word' id='word_1_109' title='bbox 356 1464 506 1527; x_wconf 86' lang='lat' dir='ltr'>igitur</span> <span class='ocrx_word' id='word_1_110' title='bbox 528 1472 693 1527; x_wconf 90' lang='lat' dir='ltr'>partes</span> <span class='ocrx_word' id='word_1_111' title='bbox 716 1465 898 1513; x_wconf 89' lang='lat' dir='ltr'>similes</span> <span class='ocrx_word' id='word_1_112' title='bbox 923 1474 1155 1528; x_wconf 90' lang='lat' dir='ltr'>tanquam</span> <span class='ocrx_word' id='word_1_113' title='bbox 1179 1465 1391 1528; x_wconf 87' lang='lat' dir='ltr'>aequales</span> <span class='ocrx_word' id='word_1_114' title='bbox 1415 1481 1534 1513; x_wconf 91' lang='lat' dir='ltr'>con-</span> 
     </span>
     <span class='ocr_line' id='line_1_17' title="bbox 138 1538 1534 1604; baseline 0 -16"><span class='ocrx_word' id='word_1_115' title='bbox 138 1538 401 1588; x_wconf 84' lang='lat' dir='ltr'>sideravit:</span> <span class='ocrx_word' id='word_1_116' title='bbox 437 1540 682 1598; x_wconf 90' lang='lat' dir='ltr'>nimirum,</span> <span class='ocrx_word' id='word_1_117' title='bbox 707 1557 799 1589; x_wconf 89' lang='lat' dir='ltr'>usu</span> <span class='ocrx_word' id='word_1_118' title='bbox 829 1557 994 1588; x_wconf 87' lang='lat' dir='ltr'>rerum</span> <span class='ocrx_word' id='word_1_119' title='bbox 1017 1540 1094 1588; x_wconf 87' lang='lat' dir='ltr'>vel</span> <span class='ocrx_word' id='word_1_120' title='bbox 1113 1540 1302 1604; x_wconf 89' lang='lat' dir='ltr'>judicio</span> <span class='ocrx_word' id='word_1_121' title='bbox 1328 1540 1534 1588; x_wconf 89' lang='lat' dir='ltr'>destitu-</span> 
     </span>
     <span class='ocr_line' id='line_1_18' title="bbox 137 1615 1533 1680; baseline 0 -16"><span class='ocrx_word' id='word_1_122' title='bbox 137 1622 234 1674; x_wconf 89' lang='lat' dir='ltr'>tus,</span> <span class='ocrx_word' id='word_1_123' title='bbox 257 1615 388 1664; x_wconf 90' lang='lat' dir='ltr'>inter</span> <span class='ocrx_word' id='word_1_124' title='bbox 410 1616 452 1675; x_wconf 60' lang='grc' dir='ltr'>ὲ,</span> <span class='ocrx_word' id='word_1_125' title='bbox 469 1623 511 1676; x_wconf 54' lang='grc' dir='ltr'>ᾖ,</span> <span class='ocrx_word' id='word_1_126' title='bbox 529 1615 555 1669; x_wconf 64' lang='grc' dir='ltr'>ἑ</span> <span class='ocrx_word' id='word_1_127' title='bbox 579 1617 786 1675; x_wconf 91' lang='lat' dir='ltr'>numeri,</span> <span class='ocrx_word' id='word_1_128' title='bbox 811 1625 863 1665; x_wconf 90' lang='lat' dir='ltr'>et</span> <span class='ocrx_word' id='word_1_129' title='bbox 888 1620 931 1675; x_wconf 58' lang='grc' dir='ltr'>ὲ,</span> <span class='ocrx_word' id='word_1_130' title='bbox 949 1624 991 1676; x_wconf 66' lang='lat'>3»,</span> <span class='ocrx_word' id='word_1_131' title='bbox 1012 1618 1038 1671; x_wconf 62' lang='grc' dir='ltr'><strong><em>ὲ</em></strong></span> <span class='ocrx_word' id='word_1_132' title='bbox 1061 1615 1287 1680; x_wconf 88' lang='lat' dir='ltr'>quadrati</span> <span class='ocrx_word' id='word_1_133' title='bbox 1310 1624 1397 1664; x_wconf 90' lang='lat' dir='ltr'>aut</span> <span class='ocrx_word' id='word_1_134' title='bbox 1420 1616 1533 1664; x_wconf 91' lang='lat' dir='ltr'>cubi</span> 
     </span>
     <span class='ocr_line' id='line_1_19' title="bbox 138 1691 502 1740; baseline -0.003 0"><span class='ocrx_word' id='word_1_135' title='bbox 138 1707 238 1740; x_wconf 93' lang='lat' dir='ltr'>non</span> <span class='ocrx_word' id='word_1_136' title='bbox 261 1691 502 1740; x_wconf 81' lang='lat' dir='ltr'>distinxit.</span> 
     </span>
    </p>

    <p class='ocr_par' dir='ltr' id='par_1_6' title="bbox 137 1766 1534 2346">
     <span class='ocr_line' id='line_1_20' title="bbox 140 1766 1532 1831; baseline -0.002 -15"><span class='ocrx_word' id='word_1_137' title='bbox 140 1778 146 1792; x_wconf 89' lang='grc'><em>“</em></span> <span class='ocrx_word' id='word_1_138' title='bbox 205 1766 462 1825; x_wconf 84' lang='lat' dir='ltr'>Praeterea‚</span> <span class='ocrx_word' id='word_1_139' title='bbox 481 1767 793 1815; x_wconf 91' lang='lat' dir='ltr'>manifestum</span> <span class='ocrx_word' id='word_1_140' title='bbox 812 1775 887 1815; x_wconf 89' lang='lat' dir='ltr'>est</span> <span class='ocrx_word' id='word_1_141' title='bbox 911 1767 1056 1831; x_wconf 92' lang='lat' dir='ltr'>quod,</span> <span class='ocrx_word' id='word_1_142' title='bbox 1076 1783 1353 1831; x_wconf 90' lang='lat' dir='ltr'>quanquam</span> <span class='ocrx_word' id='word_1_143' title='bbox 1369 1781 1532 1814; x_wconf 87' lang='lat' dir='ltr'>exces-</span> 
     </span>
     <span class='ocr_line' id='line_1_21' title="bbox 138 1839 1531 1907; baseline -0.001 -16"><span class='ocrx_word' id='word_1_144' title='bbox 138 1858 221 1891; x_wconf 83' lang='lat' dir='ltr'>sus</span> <span class='ocrx_word' id='word_1_145' title='bbox 243 1839 312 1904; x_wconf 73' lang='lat'>-¹,-‚</span> <span class='ocrx_word' id='word_1_146' title='bbox 329 1839 400 1904; x_wconf 74' lang='lat'>¹—„,</span> <span class='ocrx_word' id='word_1_147' title='bbox 419 1840 472 1904; x_wconf 54' lang='grc' dir='ltr'>Ἲῑ</span> <span class='ocrx_word' id='word_1_148' title='bbox 496 1851 608 1902; x_wconf 70' lang='lat' dir='ltr'>etc„</span> <span class='ocrx_word' id='word_1_149' title='bbox 624 1843 914 1907; x_wconf 88' lang='lat' dir='ltr'>procederet</span> <span class='ocrx_word' id='word_1_150' title='bbox 930 1844 979 1891; x_wconf 90' lang='lat' dir='ltr'>in</span> <span class='ocrx_word' id='word_1_151' title='bbox 999 1843 1262 1902; x_wconf 90' lang='lat' dir='ltr'>infinitum,</span> <span class='ocrx_word' id='word_1_152' title='bbox 1283 1843 1531 1891; x_wconf 90' lang='lat' dir='ltr'>infinitum</span> 
     </span>
     <span class='ocr_line' id='line_1_22' title="bbox 137 1917 1532 1982; baseline -0.001 -16"><span class='ocrx_word' id='word_1_153' title='bbox 137 1917 259 1967; x_wconf 91' lang='lat' dir='ltr'>illud</span> <span class='ocrx_word' id='word_1_154' title='bbox 282 1917 428 1967; x_wconf 88' lang='lat' dir='ltr'>debet</span> <span class='ocrx_word' id='word_1_155' title='bbox 460 1934 564 1966; x_wconf 88' lang='lat' dir='ltr'>esse</span> <span class='ocrx_word' id='word_1_156' title='bbox 589 1918 876 1982; x_wconf 88' lang='lat' dir='ltr'>simpliciter</span> <span class='ocrx_word' id='word_1_157' title='bbox 899 1918 1004 1966; x_wconf 91' lang='lat' dir='ltr'>sine</span> <span class='ocrx_word' id='word_1_158' title='bbox 1027 1919 1140 1977; x_wconf 84' lang='lat' dir='ltr'>fine,</span> <span class='ocrx_word' id='word_1_159' title='bbox 1170 1935 1270 1966; x_wconf 91' lang='lat' dir='ltr'>non</span> <span class='ocrx_word' id='word_1_160' title='bbox 1309 1918 1532 1982; x_wconf 66' lang='lat' dir='ltr'>indffini-</span> 
     </span>
     <span class='ocr_line' id='line_1_23' title="bbox 138 1993 1532 2058; baseline -0.001 -16"><span class='ocrx_word' id='word_1_161' title='bbox 138 2000 238 2042; x_wconf 78' lang='lat' dir='ltr'>tum</span> <span class='ocrx_word' id='word_1_162' title='bbox 261 2002 469 2051; x_wconf 86' lang='lat' dir='ltr'>tantum,</span> <span class='ocrx_word' id='word_1_163' title='bbox 493 2002 577 2041; x_wconf 90' lang='lat' dir='ltr'>aut</span> <span class='ocrx_word' id='word_1_164' title='bbox 600 2000 835 2058; x_wconf 79' lang='lat' dir='ltr'>quantum</span> <span class='ocrx_word' id='word_1_165' title='bbox 870 1999 945 2041; x_wconf 77' lang='lat' dir='ltr'>est</span> <span class='ocrx_word' id='word_1_166' title='bbox 980 1993 1223 2057; x_wconf 76' lang='lat' dir='ltr'>possibile</span> <span class='ocrx_word' id='word_1_167' title='bbox 1240 2011 1259 2048; x_wconf 89' lang='lat'><em>;</em></span> <span class='ocrx_word' id='word_1_168' title='bbox 1292 2002 1350 2042; x_wconf 90' lang='lat' dir='ltr'>ut</span> <span class='ocrx_word' id='word_1_169' title='bbox 1384 2009 1532 2041; x_wconf 83' lang='lat' dir='ltr'>excu-</span> 
     </span>
     <span class='ocr_line' id='line_1_24' title="bbox 137 2068 1533 2132; baseline -0.001 -14"><span class='ocrx_word' id='word_1_170' title='bbox 137 2085 252 2118; x_wconf 77' lang='lat' dir='ltr'>sans</span> <span class='ocrx_word' id='word_1_171' title='bbox 274 2085 326 2118; x_wconf 90' lang='lat' dir='ltr'>se</span> <span class='ocrx_word' id='word_1_172' title='bbox 348 2069 412 2117; x_wconf 90' lang='lat' dir='ltr'>ad</span> <span class='ocrx_word' id='word_1_173' title='bbox 437 2069 683 2118; x_wconf 88' lang='lat' dir='ltr'>Societam</span> <span class='ocrx_word' id='word_1_174' title='bbox 707 2068 940 2132; x_wconf 85' lang='lat' dir='ltr'>Regalem</span> <span class='ocrx_word' id='word_1_175' title='bbox 959 2068 1207 2117; x_wconf 89' lang='lat' dir='ltr'>Wallisius</span> <span class='ocrx_word' id='word_1_176' title='bbox 1230 2069 1365 2117; x_wconf 90' lang='lat' dir='ltr'>dicit.</span> <span class='ocrx_word' id='word_1_177' title='bbox 1403 2069 1533 2117; x_wconf 88' lang='lat' dir='ltr'>Nam</span> 
     </span>
     <span class='ocr_line' id='line_1_25' title="bbox 137 2144 1532 2209; baseline -0.002 -14"><span class='ocrx_word' id='word_1_178' title='bbox 137 2144 320 2209; x_wconf 76' lang='lat' dir='ltr'>alioqui</span> <span class='ocrx_word' id='word_1_179' title='bbox 344 2161 441 2193; x_wconf 90' lang='lat' dir='ltr'>non</span> <span class='ocrx_word' id='word_1_180' title='bbox 466 2155 753 2208; x_wconf 89' lang='lat' dir='ltr'>sequeretur</span> <span class='ocrx_word' id='word_1_181' title='bbox 775 2144 826 2192; x_wconf 94' lang='lat' dir='ltr'>id</span> <span class='ocrx_word' id='word_1_182' title='bbox 850 2144 982 2208; x_wconf 92' lang='lat' dir='ltr'>quod</span> <span class='ocrx_word' id='word_1_183' title='bbox 1014 2144 1127 2192; x_wconf 90' lang='lat' dir='ltr'>inde</span> <span class='ocrx_word' id='word_1_184' title='bbox 1150 2144 1316 2203; x_wconf 90' lang='lat' dir='ltr'>infert,</span> <span class='ocrx_word' id='word_1_185' title='bbox 1340 2160 1532 2208; x_wconf 89' lang='lat' dir='ltr'>nempe,</span> 
     </span>
     <span class='ocr_line' id='line_1_26' title="bbox 137 2219 1534 2269; baseline -0.001 0"><span class='ocrx_word' id='word_1_186' title='bbox 137 2235 390 2269; x_wconf 87' lang='lat' dir='ltr'>excessum</span> <span class='ocrx_word' id='word_1_187' title='bbox 415 2220 552 2268; x_wconf 89' lang='lat' dir='ltr'>illum</span> <span class='ocrx_word' id='word_1_188' title='bbox 577 2219 942 2268; x_wconf 90' lang='lat' dir='ltr'>decrescentem</span> <span class='ocrx_word' id='word_1_189' title='bbox 973 2219 1024 2268; x_wconf 90' lang='lat' dir='ltr'>in</span> <span class='ocrx_word' id='word_1_190' title='bbox 1048 2220 1295 2269; x_wconf 90' lang='lat' dir='ltr'>infinitum</span> <span class='ocrx_word' id='word_1_191' title='bbox 1331 2219 1534 2268; x_wconf 90' lang='lat' dir='ltr'>tandem</span> 
     </span>
     <span class='ocr_line' id='line_1_27' title="bbox 138 2296 590 2346; baseline -0.004 0"><span class='ocrx_word' id='word_1_192' title='bbox 138 2296 449 2346; x_wconf 82' lang='lat' dir='ltr'>evaniturum</span> <span class='ocrx_word' id='word_1_193' title='bbox 467 2311 590 2344; x_wconf 84' lang='lat' dir='ltr'>esse.</span> 
     </span>
    </p>

    <p class='ocr_par' dir='ltr' id='par_1_7' title="bbox 138 2369 1535 2812">
     <span class='ocr_line' id='line_1_28' title="bbox 138 2369 1534 2421; baseline -0.003 -1"><span class='ocrx_word' id='word_1_194' title='bbox 138 2411 149 2414; x_wconf 86' lang='lat'><em>-</em></span> <span class='ocrx_word' id='word_1_195' title='bbox 204 2371 509 2421; x_wconf 86' lang='lat' dir='ltr'>Accedamus</span> <span class='ocrx_word' id='word_1_196' title='bbox 533 2370 597 2419; x_wconf 90' lang='lat' dir='ltr'>ad</span> <span class='ocrx_word' id='word_1_197' title='bbox 620 2370 860 2418; x_wconf 89' lang='lat' dir='ltr'>calculum</span> <span class='ocrx_word' id='word_1_198' title='bbox 885 2370 1027 2418; x_wconf 82' lang='lat' dir='ltr'>seriei</span> <span class='ocrx_word' id='word_1_199' title='bbox 1052 2386 1369 2418; x_wconf 85' lang='lat' dir='ltr'>numerorum</span> <span class='ocrx_word' id='word_1_200' title='bbox 1394 2369 1534 2416; x_wconf 85' lang='lat' dir='ltr'>cubi-</span> 
     </span>
     <span class='ocr_line' id='line_1_29' title="bbox 138 2444 1533 2511; baseline -0.003 -15"><span class='ocrx_word' id='word_1_201' title='bbox 138 2462 342 2496; x_wconf 87' lang='lat' dir='ltr'>corum:</span> <span class='ocrx_word' id='word_1_202' title='bbox 377 2463 487 2511; x_wconf 87' lang='lat' dir='ltr'>quae</span> <span class='ocrx_word' id='word_1_203' title='bbox 518 2454 592 2495; x_wconf 90' lang='lat' dir='ltr'>est</span> <span class='ocrx_word' id='word_1_204' title='bbox 624 2446 895 2510; x_wconf 89' lang='lat' dir='ltr'>propositio</span> <span class='ocrx_word' id='word_1_205' title='bbox 926 2445 1271 2494; x_wconf 81' lang='lat' dir='ltr'>Arithmeticae</span> <span class='ocrx_word' id='word_1_206' title='bbox 1307 2444 1533 2507; x_wconf 76' lang='lat' dir='ltr'>Infinita-</span> 
     </span>
     <span class='ocr_line' id='line_1_30' title="bbox 138 2521 1534 2586; baseline -0.004 -14"><span class='ocrx_word' id='word_1_207' title='bbox 138 2537 247 2576; x_wconf 68' lang='lat' dir='ltr'>‚rnm</span> <span class='ocrx_word' id='word_1_208' title='bbox 269 2522 434 2581; x_wconf 82' lang='lat' dir='ltr'>xxxix,</span> <span class='ocrx_word' id='word_1_209' title='bbox 448 2522 525 2570; x_wconf 90' lang='lat' dir='ltr'>his</span> <span class='ocrx_word' id='word_1_210' title='bbox 543 2522 728 2570; x_wconf 90' lang='lat' dir='ltr'>verbis:</span> <span class='ocrx_word' id='word_1_211' title='bbox 767 2521 828 2570; x_wconf 80' lang='lat' dir='ltr'>Si</span> <span class='ocrx_word' id='word_1_212' title='bbox 845 2528 1165 2586; x_wconf 82' lang='lat' dir='ltr'>proponatur</span> <span class='ocrx_word' id='word_1_213' title='bbox 1187 2521 1347 2568; x_wconf 75' lang='lat' dir='ltr'>series</span> <span class='ocrx_word' id='word_1_214' title='bbox 1377 2536 1534 2584; x_wconf 82' lang='lat' dir='ltr'>quan-</span> 
     </span>
     <span class='ocr_line' id='line_1_31' title="bbox 139 2596 1535 2663; baseline -0.004 -17"><span class='ocrx_word' id='word_1_215' title='bbox 139 2597 337 2646; x_wconf 72' lang='lat' dir='ltr'>titatum</span> <span class='ocrx_word' id='word_1_216' title='bbox 372 2598 423 2646; x_wconf 80' lang='lat' dir='ltr'>in</span> <span class='ocrx_word' id='word_1_217' title='bbox 447 2596 714 2663; x_wconf 77' lang='lat' dir='ltr'>triplicata</span> <span class='ocrx_word' id='word_1_218' title='bbox 751 2596 948 2644; x_wconf 83' lang='lat' dir='ltr'>ratione</span> <span class='ocrx_word' id='word_1_219' title='bbox 972 2596 1282 2645; x_wconf 80' lang='lat' dir='ltr'>arithmetice</span> <span class='ocrx_word' id='word_1_220' title='bbox 1310 2610 1535 2660; x_wconf 81' lang='lat' dir='ltr'>propor-</span> 
     </span>
     <span class='ocr_line' id='line_1_32' title="bbox 140 2670 1534 2735; baseline -0.004 -14"><span class='ocrx_word' id='word_1_221' title='bbox 140 2671 414 2732; x_wconf 73' lang='lat' dir='ltr'>tionalium,</span> <span class='ocrx_word' id='word_1_222' title='bbox 435 2673 541 2721; x_wconf 70' lang='lat' dir='ltr'>sive</span> <span class='ocrx_word' id='word_1_223' title='bbox 551 2673 709 2735; x_wconf 68' lang='lat' dir='ltr'>juxta</span> <span class='ocrx_word' id='word_1_224' title='bbox 731 2672 911 2720; x_wconf 73' lang='lat' dir='ltr'>seriem</span> <span class='ocrx_word' id='word_1_225' title='bbox 935 2687 1242 2720; x_wconf 83' lang='lat' dir='ltr'>numerorum</span> <span class='ocrx_word' id='word_1_226' title='bbox 1260 2670 1534 2719; x_wconf 82' lang='lat' dir='ltr'>cubicorum</span> 
     </span>
     <span class='ocr_line' id='line_1_33' title="bbox 141 2746 1534 2812; baseline -0.003 -18"><span class='ocrx_word' id='word_1_227' title='bbox 141 2746 364 2795; x_wconf 76' lang='lat' dir='ltr'>continue</span> <span class='ocrx_word' id='word_1_228' title='bbox 393 2748 730 2806; x_wconf 70' lang='lat' dir='ltr'>crescentium,</span> <span class='ocrx_word' id='word_1_229' title='bbox 753 2764 785 2795; x_wconf 88' lang='grc' dir='ltr'><em>α</em></span> <span class='ocrx_word' id='word_1_230' title='bbox 808 2754 998 2812; x_wconf 81' lang='lat' dir='ltr'>puncto</span> <span class='ocrx_word' id='word_1_231' title='bbox 1022 2746 1099 2795; x_wconf 77' lang='lat' dir='ltr'>vel</span> <span class='ocrx_word' id='word_1_232' title='bbox 1118 2753 1149 2796; x_wconf 93' lang='lat'>0</span> <span class='ocrx_word' id='word_1_233' title='bbox 1175 2746 1534 2799; x_wconf 82' lang='lat' dir='ltr'>inchoatarum,</span> 
     </span>
    </p>
   </div>
   <div class='ocr_carea' id='block_1_5' title="bbox 132 2818 1535 2888">
    <p class='ocr_par' dir='ltr' id='par_1_8' title="bbox 132 2818 1535 2888">
     <span class='ocr_line' id='line_1_34' title="bbox 132 2818 1535 2888; baseline -0.006 -14"><span class='ocrx_word' id='word_1_234' title='bbox 132 2827 265 2886; x_wconf 72' lang='lat' dir='ltr'>puta</span> <span class='ocrx_word' id='word_1_235' title='bbox 290 2828 342 2871; x_wconf 81' lang='lat' dir='ltr'>ut</span> <span class='ocrx_word' id='word_1_236' title='bbox 360 2828 409 2882; x_wconf 92' lang='lat'>0,</span> <span class='ocrx_word' id='word_1_237' title='bbox 436 2828 476 2882; x_wconf 88' lang='lat' dir='ltr'>l,</span> <span class='ocrx_word' id='word_1_238' title='bbox 493 2828 541 2882; x_wconf 89' lang='grc'>8,</span> <span class='ocrx_word' id='word_1_239' title='bbox 562 2826 643 2882; x_wconf 86' lang='grc'>27,</span> <span class='ocrx_word' id='word_1_240' title='bbox 659 2827 741 2883; x_wconf 83' lang='lat'>64,</span> <span class='ocrx_word' id='word_1_241' title='bbox 767 2829 860 2871; x_wconf 86' lang='lat' dir='ltr'>etc.</span> <span class='ocrx_word' id='word_1_242' title='bbox 882 2840 901 2876; x_wconf 90' lang='lat'>,·</span> <span class='ocrx_word' id='word_1_243' title='bbox 929 2822 1243 2888; x_wconf 73' lang='lat' dir='ltr'>propositum</span> <span class='ocrx_word' id='word_1_244' title='bbox 1272 2821 1340 2869; x_wconf 74' lang='lat' dir='ltr'>sit</span> <span class='ocrx_word' id='word_1_245' title='bbox 1378 2818 1535 2883; x_wconf 80' lang='lat' dir='ltr'>iuqui—</span> 
     </span>
    </p>
   </div>
  </div>
 </body>
</html>
