1982 3204
403 310 465 352 86
618 318 910 351 DOCTRINAE
937 313 1299 349 WALLISIANAE
1327 314 1397 347 DE
1424 314 1579 349 Mo'rU

201 448 313 474 posw-
404 430 530 477 inter
566 445 620 475 se
657 427 939 492 (equalibus,
966 426 1184 489 sequitur
1221 424 1424 472 eandem
1460 441 1564 473 esse
1595 441 1714 484 rem,
1740 426 1781 474 si

151 501 364 529 sommum.
403 501 523 552 satis'
544 505 721 566 exigua
746 504 825 560 sit,
845 511 1098 558 sectorem,
1123 500 1316 557 lineam,
1341 512 1391 547 et
1416 501 1729 563 triangulum.

471 579 821 642 Propositionis
845 578 1026 641 primae,
1065 575 1307 632 secundae,
1334 583 1381 622 et
1407 576 1563 622 tertiae
1587 592 1782 624 causam

403 655 584 703 nullam
610 653 837 709 ostendit,
863 668 951 698 nec
976 658 1161 713 potest:
1190 650 1432 713 dependet
1451 651 1784 699 enimacausa

405 730 642 777 efficiente
665 728 879 791 physica,
906 743 1050 789 quam
1083 726 1162 773 ille
1198 727 1245 774 in
1272 734 1410 789 parte
1441 727 1598 790 prima
1627 728 1785 775 consi-

404 806 684 852 deraturum
720 819 769 850 se
806 819 908 850 esse
943 818 1002 849 ex
1036 802 1255 865 professo
1289 810 1452 865 negat,
1486 802 1786 865 experientia

404 880 486 927 illa
524 896 669 942 quam
701 879 931 925 habemus
966 893 1119 941 prope
1150 886 1294 926 terrae
1326 879 1631 941 superficiem
1673 894 1785 926 con-

405 964 583 1003 tentus.
656 955 824 1016 Itaque
860 962 1026 1000 utrum
1071 969 1236 1016 grave,
1275 953 1398 1001 coelo
1439 954 1719 1017 tranquillo,
1757 969 1787 1002 a

405 1046 583 1092 magna
596 1029 755 1092 aliqua
769 1028 1024 1075 altitudine
1041 1027 1304 1076 descendat
1318 1028 1787 1091 perpendiculariter

405 1121 573 1161 necne,
620 1104 859 1150 incertum
911 1103 1102 1167 linquit.
1193 1103 1449 1161 Praeterea,
1497 1120 1609 1151 cum
1654 1112 1789 1152 terra

407 1181 580 1228 diurno
606 1186 654 1226 et
678 1194 839 1225 annuo
864 1186 1002 1226 motu
1039 1178 1192 1241 (quod
1218 1195 1318 1226 non
1354 1180 1521 1243 negat)
1548 1187 1786 1243 perpetuo

406 1262 671 1312 moveatur,
697 1263 746 1301 et
772 1254 939 1317 gravia
962 1254 1025 1301 ad
1055 1262 1237 1302 terram
1269 1255 1473 1303 fortuito
1497 1255 1788 1318 congregari

404 1330 660 1378 verisimile
685 1346 784 1376 non
809 1330 887 1388 sit,
904 1346 1204 1394 quaecunque
1225 1330 1285 1379 de
1303 1332 1542 1394 gravitate
1568 1331 1788 1379 dicturus

406 1414 477 1454 est
502 1405 888 1452 indemonstrata
914 1413 1072 1454 erunt.

474 1480 570 1528 Sed
602 1480 845 1528 tribuatur
881 1481 1195 1544 experientiae
1226 1481 1295 1529 ita
1325 1497 1428 1529 esse
1453 1481 1502 1530 in
1534 1481 1788 1545 superficie

405 1564 565 1612 terrae,
601 1571 698 1602 non
734 1555 1184 1616 demonstrandum,
1222 1557 1308 1605 sed
1341 1565 1396 1605 ut
1431 1557 1625 1606 axioma
1658 1573 1791 1606 assu-

406 1630 637 1678 mendum
657 1638 798 1678 esset.

474 1707 662 1755 Quarta
681 1704 1012 1754 demonstrata
1030 1714 1103 1754 est
1122 1707 1182 1755 ab
1203 1707 1514 1766 Archimede,
1537 1716 1587 1755 et
1606 1707 1668 1755 ab
1683 1707 1789 1756 aliis

405 1790 516 1845 post
564 1798 675 1828 eum
720 1781 901 1840 multis,
950 1798 1094 1845 quam
1140 1783 1222 1830 ille
1268 1784 1410 1832 aliter
1455 1783 1789 1831 demonstrare

408 1865 608 1906 conatus
646 1873 744 1904 non
783 1856 1107 1905 demonstrat:
1145 1874 1304 1922 neque
1341 1858 1576 1922 sequitur,
1613 1866 1669 1906 ut
1708 1858 1790 1906 ille

406 1940 561 1996 putat,
589 1949 647 1979 ex
680 1939 735 1980 12
762 1941 812 1980 et
842 1939 899 1980 13
925 1949 1030 1996 cap.
1058 1933 1124 1981 iii.

477 2008 662 2055 Quinta
700 2009 892 2056 axioma
922 2024 1084 2056 meum
1124 2017 1214 2067 est,
1248 2009 1483 2058 tractanti
1525 2009 1584 2056 de
1621 2016 1790 2057 centro

409 2083 685 2146 aequilibrii:
707 2100 851 2147 quam
866 2084 946 2132 ille
963 2084 1264 2133 demonstrat
1282 2101 1369 2149 per
1383 2101 1521 2149 prop.
1535 2092 1580 2144 8,
1597 2101 1702 2148 cap.
1713 2084 1791 2132 iii:

410 2174 553 2220 quam
579 2167 795 2206 octavam
823 2160 1015 2208 ostendi
1046 2176 1193 2223 supra
1224 2176 1312 2208 suo
1340 2161 1466 2219 loco,
1491 2176 1595 2209 esse
1618 2160 1792 2208 falsam

412 2243 460 2280 et
484 2242 655 2281 contra
690 2234 1023 2283 demonstrata
1045 2251 1074 2282 a
1099 2234 1285 2293 Clavio,
1324 2236 1598 2294 Harriotto‚
1622 2243 1672 2283 et
1703 2250 1790 2283 suo

412 2308 561 2370 ipsius
600 2311 831 2371 magistro
868 2310 1171 2373 Oughtredo.
1244 2310 1491 2359 Praeterea
1524 2310 1791 2375 propositio

412 2383 531 2445 ipsa,
572 2393 626 2431 ut
659 2385 800 2433 facile
836 2387 1094 2434 observare
1128 2395 1285 2450 potes,
1321 2387 1528 2450 seipsam
1569 2386 1790 2436 destruit.

415 2458 541 2505 Nam
566 2469 857 2521 quantorum
881 2462 1029 2510 series
1048 2462 1238 2510 infinita
1256 2462 1483 2510 ultimum
1505 2477 1604 2510 non
1627 2462 1791 2511 habet.

414 2534 534 2595 Ego,
551 2551 614 2581 ex
631 2537 1047 2585 arithmeticarum
1063 2546 1110 2586 et
1124 2538 1531 2601 geometricarum
1548 2537 1793 2586 rationum

417 2607 698 2658 differentiis
731 2612 799 2671 (in
835 2613 1110 2675 quantitate
1140 2613 1300 2674 finita)
1334 2620 1569 2676 perpetuo
1601 2612 1793 2661 decres-

417 2684 652 2742 centibus,
678 2688 1034 2748 magnitudines
1068 2688 1335 2751 figurarum
1362 2688 1792 2750 investigaveram:

417 2759 496 2806 ille
532 2761 819 2809 tantundem
845 2763 1004 2811 valere
1038 2764 1229 2827 putavit
1262 2772 1578 2827 augmentum
1602 2764 1792 2827 quanti-

418 2834 533 2881 tatis
556 2835 822 2891 iufinitum;
858 2847 908 2886 et
945 2839 1073 2887 idem
1109 2855 1160 2887 se
1195 2839 1355 2887 facere
1389 2855 1531 2902 posse
1567 2840 1794 2903 sperabat

416 2924 502 2972 per
525 2925 635 2958 suas
659 2914 949 2974 quantitates
972 2915 1162 2963 infinite
1185 2915 1384 2979 exiguas
1407 2914 1604 2964 frustra.

484 2984 752 3048 Propositio
777 2993 823 3046 6,
847 3005 951 3052 cap.
972 3006 1016 3049 v,
1041 2990 1147 3039 haec
1171 2999 1271 3038 est:
1302 2990 1793 3056 Cujuscunquefigu-
