1982 3204
396 269 486 311 150
801 275 915 308 Lux
941 275 1134 307 MATRE
1149 273 1376 307 MA'rch.

102 405 156 431 AD
170 404 371 430 moronus
391 392 670 450 susceperat
715 385 1049 433 demonstrare
1104 400 1202 432 non
1249 384 1516 447 potuisset?
1609 383 1784 447 Neque

128 459 370 514 A-DMON1'1‘1'0.
392 477 504 510 vero
537 462 676 509 istius
711 467 942 525 quantum
966 466 1040 507 est
1073 458 1328 523 possibile,
1353 459 1453 507 sive
1484 458 1786 521 indefinitum

392 539 535 586 datur
569 537 812 584 ultimum.
882 537 1060 583 Datum
1104 535 1233 582 enim
1270 551 1369 583 non
1403 543 1491 593 est,
1515 536 1648 597 quod
1684 550 1785 582 non

392 614 665 677 expositum
689 621 763 659 est
787 619 835 659 et
860 612 1125 674 cognitum.
1187 611 1442 659 Quantum
1465 626 1629 658 rerum
1653 609 1785 657 Con-

393 690 540 738 ditori
562 687 791 752 possibile
816 694 906 745 est,
932 687 1177 734 infinitum
1202 694 1290 734 est.
1330 687 1596 749 Quousque
1621 692 1786 732 autem

393 767 539 815 homo
578 764 794 812 dividere
831 771 1010 827 potest,
1051 763 1276 826 ignotum
1314 770 1401 810 est.
1476 762 1642 810 Quare
1682 760 1786 823 ejus

395 842 529 905 quod
560 848 722 905 potest
758 839 976 887 ultimum
1010 855 1101 886 nec
1143 839 1303 896 datur,
1328 854 1421 886 nec
1464 837 1570 886 dari
1606 844 1786 899 potest.

395 919 552 982 Ipsius
577 923 651 965 est
675 915 922 978 singulare
944 915 1038 963 hoc
1071 915 1352 972 absurdum,
1373 914 1506 962 nullo
1531 920 1789 976 acceptum

396 994 648 1056 magistro,
670 991 754 1039 sed
778 991 839 1038 ab
864 990 970 1054 ipso
991 990 1312 1053 suppositum,
1330 1006 1387 1037 eo
1407 990 1504 1036 fine
1528 996 1584 1036 ut
1606 1003 1789 1036 novum

396 1067 594 1132 aliquod
618 1067 871 1114 theorema
889 1065 1175 1128 geometriae
1208 1065 1470 1123 addidisse,
1507 1072 1594 1112 aut
1616 1063 1790 1111 melius

402 1161 549 1208 quam
595 1143 677 1191 alii
724 1142 1098 1199 demonstrasse,
1139 1141 1400 1189 videretur.
1471 1141 1644 1204 Itaque
1690 1155 1791 1187 non

396 1220 543 1268 modo
580 1218 834 1266 scientiam
859 1217 1164 1264 utilissimam
1195 1216 1388 1264 inscitia
1422 1232 1509 1264 sua
1541 1232 1640 1263 non
1676 1231 1792 1278 pro-

400 1296 570 1353 movit,
594 1294 680 1342 sed
702 1293 855 1341 relabi
882 1292 1016 1350 fecit,
1041 1299 1188 1355 atque
1211 1292 1508 1339 authoritate
1532 1291 1793 1355 professio-

398 1373 474 1427 nis
506 1387 614 1434 quae
651 1376 796 1417 antea
831 1369 955 1416 bene
992 1367 1327 1415 demonstrata
1362 1375 1518 1425 erant,
1544 1366 1792 1430 discipulis

400 1448 499 1495 suis
524 1445 671 1494 dubia
695 1453 778 1492 aut
802 1443 923 1491 falsa
945 1443 1100 1491 videri
1136 1442 1283 1490 fecit:
1320 1442 1443 1489 nihil
1468 1441 1664 1505 quidem
1689 1442 1793 1505 ipse

399 1523 451 1570 iu
475 1521 574 1569 ulla
600 1527 741 1583 parte
774 1534 978 1582 operum
1011 1533 1211 1566 suorum
1249 1517 1609 1576 demonstrans,
1634 1517 1795 1566 aliena

402 1614 519 1646 vero
543 1595 883 1660 paralogismis
908 1594 1006 1642 suis
1027 1593 1306 1657 inquinans.

471 1673 788 1735 Quapropter
819 1669 1088 1718 monendos
1119 1685 1205 1717 vos
1244 1668 1426 1728 censui,
1450 1668 1658 1716 lectores
1695 1674 1793 1716 stu-

403 1749 543 1803 diosi,
567 1755 625 1795 ut
657 1746 834 1794 lecturi
874 1745 1087 1793 caveatis
1120 1761 1183 1792 ne
1221 1760 1250 1792 a
1285 1744 1419 1792 falsis
1454 1744 1708 1807 principiis
1745 1750 1796 1791 et

401 1822 752 1887 hypothesibus
774 1821 1087 1885 praesumptis
1112 1819 1438 1884 decipiamini.
1507 1819 1796 1868 Examinate

405 1898 685 1961 diligentius
710 1898 1020 1945 definitiones
1045 1903 1094 1945 et
1117 1897 1377 1944 axiomata.
1417 1896 1627 1944 Potestis
1646 1896 1792 1943 enim.

404 1975 591 2023 Afferte
608 1973 670 2021 ad
695 1973 778 2020 illa
801 1972 999 2036 ingenia
1020 1980 1197 2020 vestra.
1255 1972 1370 2020 Non
1385 1971 1515 2019 enim
1531 1971 1650 2019 artis
1665 1979 1796 2030 sunt,

406 2050 492 2098 sed
515 2049 787 2112 prudentiae
810 2048 1061 2096 naturalis.
1131 2048 1344 2095 Tantum
1376 2047 1559 2095 habent
1582 2047 1796 2095 authori-

405 2126 537 2183 tatis,
563 2132 800 2188 quantum
823 2140 910 2172 vos
928 2123 1091 2171 vultis.
1161 2123 1270 2170 Nisi
1293 2123 1538 2171 vobismet
1560 2123 1678 2186 ipsis
1701 2122 1800 2170 cla·

407 2201 598 2249 rissima
636 2200 749 2258 sint,
789 2215 851 2246 ne
889 2198 1149 2259 admittite.
1222 2197 1274 2246 Si
1304 2198 1398 2246 hoc
1435 2198 1667 2256 feceritis,
1695 2213 1799 2245 non

407 2276 550 2324 facile
575 2275 900 2338 sophistarum
924 2274 1262 2337 paralogismis
1281 2273 1607 2337 decipiemini.
1644 2272 1798 2321 Modo

411 2360 462 2401 et
478 2353 650 2415 figura,
667 2350 889 2399 homines
913 2349 1109 2408 maturi,
1126 2365 1225 2397 non
1243 2349 1490 2412 indigetis.
1559 2349 1798 2397 VALETE.
