1982 3204
339 269 434 312 388
902 281 1164 314 ms'romA

398 389 448 430 In
471 395 563 432 toto
585 389 741 433 Christi
763 391 951 446 postulat
971 407 1059 433 esse
1080 406 1220 447 grege.

338 456 488 511 thue
509 463 662 498 vocant
682 456 853 512 trepidae
875 457 1026 499 summi
1048 458 1078 498 J
1083 458 1172 499 ovis
1193 472 1309 499 arma
1329 458 1516 500 tonantis

395 521 571 572 Gentes,
593 537 790 565 censuras
810 523 869 565 sic
889 532 1011 566 vocat
1032 524 1102 566 ille
1124 539 1230 565 suas.
1612 526 1728 565 1460

337 587 384 629 N
387 603 434 631 ec
453 588 684 644 majestatis
705 595 930 632 contentus
950 589 1131 639 nomine,
1154 604 1308 631 nomen

396 654 592 697 Sanctius
613 655 803 705 assumit,
826 655 1167 709 conveniensque
1190 655 1296 697 Deo.

338 721 424 762 Sec.
442 721 555 775 Quin
576 721 655 763 siet
675 721 868 777 impietas
889 737 966 764 nec
988 737 1117 777 parva
1135 721 1239 771 haec,
1261 721 1358 764 nolo
1386 736 1554 778 negare.

398 786 609 830 Censuras
630 795 743 830 recte
763 787 944 829 fulmina
963 789 1073 830 sorte
1095 795 1229 830 vocat.

339 853 455 895 Nam
475 853 586 896 sicut
605 853 780 904 fulmen,
802 854 837 896 si
859 855 1028 910 quando
1050 870 1093 897 se
1114 855 1340 898 insinuarit

399 919 450 961 In
470 920 763 963 commissuras
783 921 955 977 parietis
979 921 1076 977 igne
1098 937 1186 972 suc),

339 985 561 1041 Disjungit
580 986 752 1042 lapides,
775 987 810 1029 si
831 1003 917 1030 non
938 994 983 1030 et
1002 987 1170 1043 disjicit,
1193 994 1237 1030 et
1256 987 1315 1030 sic

398 1051 527 1106 Quod
546 1052 686 1095 fuerat
706 1053 875 1095 firmum
897 1053 1034 1096 debile
1054 1054 1194 1096 reddit
1214 1069 1342 1110 opus:

341 1117 413 1162 Sic
434 1133 605 1174 quoque
625 1119 822 1162 dissociat
842 1120 954 1162 cives
975 1135 1151 1162 censura
1170 1119 1359 1162 timenda

396 1185 489 1227 Illis
509 1185 585 1240 qui
605 1185 735 1228 stulte
755 1185 987 1228 Phasmata
1007 1201 1116 1228 vana
1135 1186 1300 1229 timent.
1621 1192 1732 1232 1470

338 1252 419 1294 Pr.
453 1251 528 1293 Ad
548 1267 684 1308 genus
704 1267 830 1294 omne
849 1253 950 1295 boni
971 1252 1174 1294 mundani
1194 1254 1364 1295 carbasa
1383 1255 1599 1310 praebent:

400 1318 468 1360 Ad
488 1317 611 1369 visas,
633 1318 739 1360 velis
759 1318 968 1369 omnibus,
990 1318 1079 1360 itur
1098 1333 1209 1374 opes.

340 1382 408 1426 Ut
427 1384 598 1440 capiant
618 1385 810 1441 populos,
833 1393 988 1442 cogant
1008 1392 1052 1428 et
1072 1385 1280 1427 ovescere¹
1305 1400 1438 1441 reges,

399 1449 584 1505 Quoque
604 1450 729 1493 modo
750 1451 912 1507 possint
932 1458 1054 1507 parta
1073 1458 1218 1494 tenere
1239 1451 1435 1494 student:

342 1514 476 1570 Queis
497 1531 603 1572 opus
623 1523 688 1559 est
707 1516 844 1559 multo
865 1523 1165 1573 stratagemate
1186 1518 1463 1573 perficiendis,

398 1582 609 1638 Nequitia
628 1583 764 1633 docta,
787 1583 1121 1640 philosophaque
1141 1583 1260 1627 Fide.

344 1647 495 1692 Suevit
514 1655 565 1691 ut
583 1648 628 1690 in
649 1649 833 1705 templis,
855 1649 1024 1700 audisti,
1049 1649 1240 1692 Ecclesia
1260 1649 1439 1693 Patrum

399 1714 546 1758 Prima
566 1715 814 1758 satellitium
835 1731 1160 1759 commemorare
1181 1732 1316 1759 suum.

341 1780 474 1824 Nunc
494 1789 637 1825 autem
658 1781 787 1838 Papis
808 1782 1137 1833 dominantibus,
1159 1783 1459 1826 adnumeratur

398 1847 524 1891 Divis
541 1849 735 1904 quisquis
755 1848 815 1891 eis
835 1849 999 1905 profuit
1018 1855 1109 1891 arte
1130 1864 1218 1892 sua.
1625 1855 1735 1894 1480

342 1913 531 1957 Reddita
551 1915 610 1958 sic
630 1931 776 1958 rursus
796 1915 952 1972 populo
973 1922 1038 1958 est
1058 1915 1317 1967 Idololatria,

399 1981 446 2023 N
449 1997 628 2038 emoque
648 1998 734 2024 non
750 1982 897 2024 divum
917 1982 1044 2038 coepit
1064 1982 1218 2025 habere
1239 1982 1333 2025 sibi.

343 2049 427 2091 Sec.
460 2048 646 2091 Romani
666 2048 795 2091 moris
815 2048 900 2091 fuit
920 2048 1011 2091 haec
1030 2048 1212 2091 imitatio
1232 2048 1371 2105 prisci,

402 2114 469 2157 Ut
489 2115 565 2170 qui
588 2114 829 2158 Caesaribus
850 2129 926 2170 par
945 2114 1132 2157 tribuere
1153 2115 1294 2157 decus.

345 2181 429 2223 Sed
450 2196 535 2223 non
556 2187 640 2223 tam
664 2187 822 2223 temere
843 2187 985 2222 tantos
1001 2180 1195 2223 concedit
1213 2180 1392 2223 honores

401 2246 532 2303 Papa,
556 2247 630 2290 sed
650 2255 700 2289 ut
720 2246 830 2290 vitas
851 2246 971 2303 signa
991 2248 1168 2303 probare
1187 2246 1331 2290 videt:

344 2313 440 2356 Nec
460 2313 614 2364 subito,
636 2313 709 2356 sed
729 2328 825 2356 cum
847 2313 937 2356 vita
956 2313 1182 2356 decesserit
1201 2313 1322 2356 annis

401 2379 646 2430 Permultis‚
669 2394 927 2435 quemquam
947 2379 1208 2422 sanctificare
1228 2379 1346 2422 solet.

343 2447 423 2489 Pr.
456 2446 552 2490 Nec
573 2446 739 2488 mirum.
774 2446 970 2489 Praesens
989 2445 1208 2488 mendacia
1227 2445 1389 2503 respuit
1407 2452 1523 2498 aetas,

402 2513 477 2556 Ad
500 2527 596 2568 quae
618 2511 841 2569 posteritas
862 2526 954 2554 sera
973 2518 1118 2554 coacta
1137 2517 1264 2553 tacet.
1626 2514 1735 2557 1490

344 2579 376 2621 J
379 2594 445 2622 am
467 2579 551 2621 suit
569 2585 740 2621 aeternae
762 2577 940 2619 nimium
957 2576 1025 2619 via
1044 2577 1263 2619 commoda
1278 2576 1390 2620 vitae.

403 2645 572 2688 Durum
593 2651 684 2687 erat
705 2643 748 2685 in
770 2650 862 2686 tota.
881 2643 1101 2700 relligione
1122 2643 1240 2686 nihil.

345 2712 565 2755 Externus
585 2711 703 2754 labor
722 2709 858 2752 omnis
878 2716 982 2759 erat,
1005 2724 1083 2752 nec
1102 2716 1194 2752 erat
1211 2709 1366 2766 gravis.
1399 2709 1525 2754 Intus

405 2778 624 2822 Nescitum
644 2783 710 2819 est
730 2776 851 2832 cujus
873 2774 1105 2832 relligionis
1125 2783 1257 2818 erant.

824 2908 832 2932 ¹
863 2908 967 2955 [vide
984 2909 1255 2954 Gnossnnu'M]
