1982 3204
470 282 543 316 AD
569 264 825 317 can-rsssh
852 280 1293 316 unniunowes.
1478 272 1576 324 273

685 483 954 518 omsscno
982 483 1078 516 XV.

473 583 546 617 AD
575 584 1009 618 MEDITATIONEM
1036 583 1278 617 SEXTAM.

1455 655 1523 669 Q

406 668 488 717 De
519 685 683 717 rerum
716 669 1042 718 materialium
1073 669 1355 717 existentia.

187 767 309 818 Cum
344 770 470 818 enim
502 770 685 818 nullam
713 770 871 835 plane
892 770 1206 834 facultatem
1238 769 1357 817 mihi
1381 769 1576 818 dederit

249 844 391 893 Deus
408 845 481 893 ad
493 845 597 903 hoc,
614 854 777 893 utrum
794 845 916 894 ideae
935 846 1225 893 emittantur
1242 861 1271 892 a
1291 846 1576 909 corporibus

252 936 424 979 necne,
448 920 845 986 cognoscendum,
868 920 963 968 sed
997 927 1171 968 contra
1194 936 1425 984 magnam
1450 937 1576 985 pro-

240 995 532 1061 pensionem
555 995 629 1043 ad
646 995 940 1044 credendum
958 994 1079 1042 illas
1099 1011 1132 1042 a
1154 994 1299 1042 rebus
1322 996 1577 1060 corporeis

249 1071 420 1129 emitti,
435 1087 527 1118 non
551 1070 691 1118 video
714 1087 813 1135 qua
837 1071 1032 1118 ratione
1050 1070 1215 1134 possit
1247 1070 1469 1136 intelligi
1498 1072 1578 1136 ip-

250 1161 358 1194 sum
379 1162 473 1193 non
496 1162 606 1193 esse
625 1145 898 1209 fallacem,
922 1146 969 1193 si
986 1144 1188 1193 aliunde
1209 1162 1354 1210 qnam
1374 1163 1407 1194 a
1430 1145 1578 1195 rebus

247 1221 503 1287 corporeis
542 1221 883 1270 emitterentur
896 1239 917 1270 .·
949 1238 1011 1269 ae
1031 1221 1254 1286 proinde
1288 1238 1369 1269 res
1404 1238 1575 1287 corpo-

245 1312 350 1345 reoe
372 1297 608 1345 existunt.

247 1395 529 1447 Communis
566 1404 640 1445 est
672 1396 853 1461 opinio,
877 1413 978 1445 non
1015 1413 1221 1460 peccare
1250 1397 1466 1445 medicos
1489 1394 1575 1461 qui

180 1481 395 1537 aegrotos
435 1472 689 1537 decipiunt
728 1473 945 1536 ipsorum
979 1473 1149 1521 salutis
1194 1489 1372 1521 causa:
1414 1489 1575 1536 neque

179 1555 344 1611 patres
378 1548 463 1612 qui
492 1547 617 1595 filios
649 1564 763 1595 suos
801 1547 979 1595 fallunt
1009 1547 1127 1595 boni
1150 1548 1365 1611 ipsorum
1390 1549 1575 1611 gratia:

178 1638 340 1686 neque
380 1623 566 1671 crimen
608 1623 910 1686 deceptionis
957 1623 1221 1670 consistere
1264 1624 1315 1671 in
1359 1623 1573 1672 falsitate

180 1697 440 1757 dictorum,
460 1698 546 1746 sed
570 1698 621 1746 in
645 1698 824 1761 injuria
846 1697 1212 1761 decipientium.
1247 1698 1438 1747 Viderit
1454 1715 1573 1762 ergo

179 1773 243 1823 D.
267 1773 326 1822 C.
349 1789 412 1822 an
440 1789 558 1822 vera
594 1774 659 1822 sit
695 1774 966 1837 propositio
998 1774 1338 1822 universaliter
1361 1783 1572 1838 sumpta,

178 1848 322 1899 Deus
344 1848 479 1898 nullo
497 1865 617 1897 casn
631 1855 804 1913 potest
827 1865 914 1896 nos
926 1848 1159 1914 fallere:
1193 1866 1308 1897 nam
1328 1851 1487 1898 sinon
1510 1851 1574 1898 sit

178 1939 298 1973 vera
333 1924 406 1972 ita
440 1925 795 1981 universaliter,
818 1940 917 1972 non
949 1925 1170 1987 sequitur
1203 1926 1452 1974 conclusio
1473 1924 1572 1984 illa,

178 2014 305 2066 ergo
326 2015 410 2048 res
433 2016 690 2065 corporeae
713 2000 947 2049 existunt.

710 2148 1033 2183 RESPONSIO-

244 2232 327 2282 Ad
355 2249 516 2282 meam
542 2234 906 2283 conclusionem
938 2250 1039 2283 non
1071 2236 1335 2299 requiritur
1357 2243 1414 2284 ut
1437 2236 1571 2284 nullo

179 2321 300 2357 casu
331 2310 572 2373 possimus
610 2309 747 2358 falli:
784 2310 959 2358 admisi
995 2311 1126 2358 enim
1152 2311 1281 2359 ultro
1317 2327 1407 2359 nos
1442 2327 1572 2375 saepe

180 2382 289 2431 falli
320 2384 428 2432 :sed
465 2393 522 2433 ut
555 2400 656 2433 non
697 2385 925 2433 fallamur
949 2402 1062 2433 cum
1096 2386 1188 2434 iste
1222 2394 1391 2435 noster
1434 2402 1573 2435 error

182 2456 458 2522 decipiendi
492 2460 798 2508 voluntatem
840 2461 891 2508 in
932 2461 1038 2509 Deo
1073 2469 1356 2520 testaretur,
1380 2462 1573 2527 qualem

183 2533 235 2581 in
280 2548 340 2582 eo
386 2550 491 2583 oese
535 2544 793 2599 repugnat.
870 2536 1155 2600 Rursusque
1199 2537 1280 2585 hic
1324 2546 1401 2586 est
1444 2537 1573 2585 mala

183 2606 356 2657 illatio.

613 2725 882 2760 onmc'no
908 2726 1140 2760 ULTIMA.

186 2797 330 2847 Nm
359 2798 486 2847 enim
516 2800 723 2851 adverto
749 2819 1083 2868 permagnum
1108 2820 1219 2851 esse
1241 2803 1372 2851 inter
1390 2809 1572 2850 utrum-

251 2888 356 2937 que,
386 2873 482 2922 hoc
517 2884 594 2925 est
625 2877 757 2926 inter
786 2877 1002 2942 vigiliam
1037 2885 1088 2926 et
1119 2878 1429 2933 insomnium,
1465 2876 1570 2924 dis-

316 2963 443 2999 v01..
467 2963 520 2998 v.
1404 2966 1437 2999 ‘r

1630 791 1824 819 OBJECTIO

1700 847 1767 872 XV.

1631 891 1821 914 *qn-d
