1982 3204
475 301 719 339 ALIQUOT
745 299 1101 353 anonumum}
1130 300 1245 333 me.
1461 291 1548 334 165

170 411 364 475 signum
388 411 508 460 illud
543 410 576 472 ζ-
592 421 666 460 est
690 418 735 460 5.
805 411 1001 475 Optime
1024 409 1220 473 quidem
1245 410 1296 457 in
1320 411 1550 459 numeris.
1622 426 1712 453 cu*-
1734 427 1794 455 ιιι.

170 486 270 535 Sed
306 486 347 535 si
371 487 460 535 AA
485 487 548 535 sit
583 488 740 550 figura
762 485 1027 549 quadrata,
1058 492 1110 532 et
1134 484 1175 532 B
1194 484 1376 532 divisor
1397 485 1551 533 linea:
1572 473 1797 549 mm

169 573 290 611 tunc
314 563 539 626 quotiens
563 562 647 610 illa
669 559 719 622 ἓ
748 561 932 609 indicat
967 560 1156 624 quoties
1188 559 1316 607 linea
1341 560 1381 607 B
1405 568 1479 608 est
1501 561 1552 608 in
1569 555 1625 583 '’¹'‘
1636 554 1799 593 ᾠδῇσί*

170 637 411 702 quadrata
456 638 611 701 figura
656 638 746 685 AA
766 656 778 684 ε
826 636 958 699 quod
1001 643 1078 684 est
1117 634 1328 682 alienum
1374 651 1403 683 a
1437 651 1554 684 vera

169 713 386 777 algebra,
409 721 555 776 atque
579 713 726 760 etiam
761 711 1043 761 absurdum.
1110 710 1260 758 Plana
1291 710 1421 758 enim
1453 726 1553 759 non

170 789 297 837 fiunt
320 804 379 836 ex
402 787 680 851 aggregatis
702 786 856 834 lineis.

238 878 299 912 11.
336 863 422 911 Sin
459 862 644 925 species
679 861 831 924 signis
871 861 1109 909 similibus
1147 861 1335 910 affectae
1359 861 1474 919 sint,
1497 856 1553 910 h:-

181 938 269 986 ÷A
285 939 392 995 ÷A,
433 937 528 985 illae
567 937 710 984 simul
751 936 932 985 additae
976 937 1162 985 faciunt
1198 938 1297 985 2A.
1366 938 1556 1001 Regula

170 1013 301 1062 enim
317 1022 390 1061 est
405 1012 679 1075 Oughtredi
695 1020 744 1060 et
761 1013 1132 1075 algebristarum
1148 1013 1269 1068 haec,
1285 1013 1553 1077 eademque

171 1104 317 1137 vera:
352 1088 402 1135 in
425 1087 689 1147 additione,
715 1087 952 1135 addendae
975 1096 1089 1135 sunt
1112 1089 1312 1151 species,
1330 1097 1380 1136 et
1402 1105 1555 1152 appo-

169 1162 384 1212 nendum
430 1165 622 1225 signum
669 1178 940 1210 commune.
1011 1163 1179 1226 Itaque
1226 1164 1266 1211 si
1311 1163 1557 1212 addantur

168 1239 280 1286 —A
304 1237 368 1286 ad
393 1239 517 1295 —A,
537 1255 726 1286 summa
749 1239 841 1286 erit
857 1239 1019 1286 —2A.
1090 1239 1175 1286 Sin
1200 1239 1341 1302 signa
1364 1239 1557 1288 diversa

168 1315 283 1373 sint,
307 1322 427 1363 tunc
460 1315 628 1378 regula
658 1321 733 1362 est
763 1314 901 1362 haec:
937 1315 1276 1363 substrahatur
1309 1316 1495 1379 species
1525 1332 1557 1364 a

168 1390 348 1454 specie,
378 1398 428 1438 et
462 1390 656 1438 residuo
692 1390 976 1453 praefigatur
1010 1390 1203 1453 signum
1238 1391 1570 1438 contrarium(

170 1465 345 1530 Itaque
370 1466 458 1514 ÷A
481 1474 532 1514 et
547 1466 660 1514 —A
683 1465 827 1513 simul
862 1465 1046 1523 addita,
1080 1465 1268 1514 faciunt
1304 1470 1354 1525 Ο,
1391 1465 1443 1514 id
1478 1475 1556 1515 est

170 1541 309 1590 nihil.

171 1653 174 1656 »
240 1631 325 1666 111.
362 1617 414 1666 Si
437 1632 552 1665 vero
577 1616 687 1665 duae
714 1617 901 1680 species
931 1617 1119 1665 affectae
1150 1616 1339 1665 duabus
1370 1616 1556 1680 specie-

170 1693 263 1741 bus
307 1692 492 1740 affectis
524 1691 762 1740 addendae
799 1700 929 1750 sunt,
976 1691 1147 1755 regula
1182 1692 1292 1740 talis
1331 1700 1420 1740 est.
1503 1693 1555 1741 Si

170 1769 313 1832 signa
334 1768 511 1816 similia
533 1775 662 1827 sunt,
687 1767 932 1816 addantur
954 1768 1139 1830 species
1162 1767 1364 1816 servatis
1386 1768 1555 1831 signis.

172 1844 254 1893 Sic
277 1843 412 1895 A÷B
443 1851 494 1891 et
531 1843 665 1893 A÷B
704 1843 847 1891 simul
893 1842 1076 1900 addita,
1109 1842 1298 1891 faciunt
1337 1843 1555 1892 2A÷213.

173 1919 260 1968 Sin
282 1920 422 1983 signa
444 1918 636 1967 diversa
659 1918 772 1977 sint,
796 1926 852 1966 ut
880 1919 930 1966 in
953 1918 1029 1966 his
1055 1919 1253 1967 ÷A—B
1278 1927 1328 1967 et
1345 1919 1555 1977 -A÷B,

170 1996 341 2060 regula
362 2003 454 2053 est,
484 2002 814 2058 aggregentur
836 1994 1058 2042 similiter
1080 1995 1268 2043 affectae
1291 1994 1381 2042 sub
1405 1994 1556 2057 signis

169 2071 397 2136 propriis,
415 2071 605 2134 eritque
628 2085 818 2118 summa
835 2070 1231 2124 ÷A÷B-A-B,
1249 2069 1299 2118 id
1323 2078 1399 2117 est
1415 2069 1554 2118 nihil.

236 2161 313 2195 ιν.
348 2147 406 2194 In
430 2146 804 2203 substractione,
828 2146 868 2193 si
893 2145 1078 2209 speciae
1115 2146 1215 2193 sint
1250 2145 1479 2192 solitariae
1503 2153 1555 2192 et

171 2229 380 2286 utraque
414 2221 593 2270 habeat
623 2220 817 2284 signum
851 2238 914 2279 4,
936 2221 1214 2278 ut÷A÷B,
1250 2227 1301 2268 et
1337 2221 1554 2268 substra-

170 2297 335 2347 henda
367 2296 433 2344 sit
465 2296 555 2350 ÷B
584 2296 647 2343 ab
680 2296 787 2352 ÷A,
813 2295 1060 2343 residuum
1094 2302 1169 2344 est
1202 2295 1388 2359 species
1423 2295 1555 2343 unde

170 2373 231 2422 fit
250 2371 492 2421 detractio
515 2387 627 2419 cum
650 2370 792 2434 signo
826 2387 887 2428 ψ,
911 2386 1011 2419 una
1028 2387 1140 2419 cum
1163 2372 1438 2419 substracta
1467 2370 1556 2418 ha-

172 2448 321 2497 bente
347 2449 540 2512 signum
574 2447 892 2496 contrarium.
961 2447 1090 2495 Nam
1116 2446 1154 2494 B
1181 2446 1458 2495 detractum
1493 2447 1555 2495 ab

173 2523 221 2571 A
254 2522 487 2587 relinquit
525 2523 696 2571 A-B,
765 2522 852 2571 Sin
888 2522 1033 2570 ambo
1071 2522 1212 2585 signa
1248 2522 1346 2570 sint
1363 2553 1446 2578 —,
1462 2538 1554 2585 pro

175 2591 371 2648 residuo
415 2597 652 2646 sumenda
691 2605 764 2646 est
810 2597 1088 2645 differentia
1127 2597 1399 2661 specierum
1439 2613 1552 2645 cum

175 2672 317 2735 signo
345 2682 412 2723 4:
434 2681 492 2720 ut
513 2673 555 2721 si
571 2679 669 2721 ——5
688 2673 752 2720 sit
774 2672 1115 2721 deducendum
1133 2676 1291 2731 a—-7,
1307 2671 1555 2720 residuum

174 2747 272 2795 erit
302 2752 398 2797 42.
455 2747 772 2797 Manifestum
794 2747 925 2795 enim
948 2755 1023 2796 oet
1045 2747 1176 2811 quod
1194 2754 1290 2795 -5
1311 2748 1466 2810 majus
1480 2755 1555 2795 est

178 2837 325 2886 quam
346 2823 443 2876 -7
466 2821 654 2871 duabus
675 2823 961 2872 unitatibus,
1031 2824 1192 2887 Atque
1209 2823 1306 2870 hoc
1339 2823 1410 2870 ita
1450 2837 1554 2869 esse

178 2897 364 2947 homini
378 2897 461 2962 qui
478 2898 598 2963 quid
613 2898 725 2948 dico
740 2898 969 2962 dignatus
983 2898 1130 2948 fuerit
1145 2897 1454 2948 considerare
1473 2912 1557 2945 ne-
