1982 3204
177 718 269 744 CAP.
291 719 333 745 11.

160 763 350 784 κ-γῄκ

164 802 210 830 De
227 804 347 831 ratione.

415 268 505 311 160
715 276 1006 312 PRINC1P1A
1033 277 1102 312 ΕΤ
1127 275 1498 312 PROBLEMATA

985 491 1122 540 CAP.
1155 491 1219 540 ΙΙ.

935 601 1017 648 De
1044 600 1272 648 Ratione.

409 716 445 750 1.
471 702 646 750 RATIO
677 708 750 750 est
774 701 1127 765 magnitudinis
1159 701 1223 750 ad
1246 700 1639 764 magnitudinem
1671 702 1799 765 ejus-

407 777 519 826 dem
564 778 758 841 generis
804 776 981 824 relatio
1029 777 1297 825 seeundum
1345 777 1694 841 quantitatem:
1741 785 1800 826 ut

409 854 640 917 expositis
659 853 846 901 duabus
862 852 1282 916 magnitudinibus
1300 859 1330 901 2
1351 860 1401 901 et
1420 855 1465 910 5,
1483 853 1611 901 ratio
1628 853 1799 916 primae

408 929 473 977 ad
496 928 760 977 secundam
784 935 858 976 est
889 928 1062 976 relatio
1099 928 1388 991 quantitatis
1413 934 1442 976 2
1468 928 1531 976 ad
1564 934 1610 987 5,
1634 927 1687 976 id
1709 935 1799 987 est,

409 1005 656 1068 quantitas
674 1003 1027 1067 magnitudinis
1043 1010 1071 1051 2
1094 1011 1333 1066 quatenus
1349 1010 1663 1067 eomparatur
1685 1020 1799 1052 eum

407 1079 748 1143 magnitudine
775 1085 820 1127 5.
890 1079 1204 1142 Inaequalitas
1229 1080 1359 1127 enim
1378 1079 1586 1127 duarum
1609 1080 1800 1143 magni-

406 1156 633 1204 tudinum
656 1157 813 1218 major
830 1155 906 1203 vel
930 1155 1090 1202 minor
1110 1170 1215 1202 esse
1235 1162 1395 1218 potest
1414 1171 1562 1219 quam
1585 1155 1800 1219 inaequa-

406 1231 515 1279 lites
539 1231 749 1278 duorum
772 1231 980 1278 aliorum
1003 1230 1330 1293 inaequalium.

473 1321 535 1355 11.
560 1307 731 1369 Itaque
755 1307 818 1354 ad
842 1306 1180 1370 exponendam
1203 1307 1446 1354 rationem
1469 1307 1799 1355 necessarium

405 1388 479 1430 est
522 1388 578 1430 ut
624 1390 933 1445 exponantur
979 1381 1086 1429 duae
1132 1381 1496 1446 magnitudines
1543 1382 1798 1442 absolutae,

405 1473 611 1520 quarum
656 1458 815 1520 prima
868 1457 1180 1516 antecedens,
1233 1457 1450 1506 secunda
1500 1474 1798 1522 consequens

406 1532 640 1595 appellari
665 1532 803 1581 solet.

473 1608 645 1672 Neque
670 1624 788 1672 ergo
818 1610 976 1658 ambae
1012 1608 1312 1673 quantitates
1341 1608 1499 1666 simul,
1531 1615 1586 1656 ut
1617 1615 1647 1657 2
1679 1616 1728 1658 et
1753 1615 1799 1668 5,

406 1700 566 1747 neque
599 1700 699 1732 una
727 1685 845 1743 sola,
870 1692 926 1732 ut
958 1691 987 1733 2
1021 1684 1099 1732 vel
1125 1690 1170 1743 5,
1199 1682 1404 1747 neque—2
1428 1721 1439 1744 ‚
1469 1684 1657 1744 (errant
1681 1700 1800 1747 ergo

407 1760 684 1822 algebristae
699 1760 870 1819 nostri,
889 1760 972 1824 qui
990 1759 1163 1807 dieunt
1186 1759 1478 1807 fractionem
1494 1766 1543 1807 et
1558 1759 1801 1807 rationem

411 1835 620 1882 eandem
657 1850 762 1882 esse
793 1837 931 1896 rem),
956 1850 1116 1898 neque
1152 1834 1430 1882 differentia
1456 1834 1586 1882 inter
1618 1840 1647 1882 2
1678 1840 1728 1881 et
1753 1839 1799 1892 5,

408 1910 493 1958 sed
511 1910 758 1973 quantitas
776 1910 1123 1973 inaequalitatis
1149 1926 1258 1973 quae
1283 1918 1358 1957 est
1380 1909 1508 1958 inter
1523 1909 1644 1957 duas
1667 1925 1800 1972 mag-

406 1985 675 2044 nitudines,
695 1993 769 2033 est
787 1985 838 2033 id
857 1986 988 2049 quod
1004 1994 1209 2033 vocatur
1223 1986 1365 2034 ratio.
1414 1985 1650 2035 Quamvis
1669 1985 1803 2034 enim

406 2068 512 2110 tum
537 2067 566 2108 3
589 2067 638 2108 et
669 2066 714 2120 2,
740 2068 847 2108 tum
871 2067 901 2108 9
927 2068 977 2108 et
1002 2066 1031 2108 8
1061 2060 1292 2109 differant
1323 2060 1667 2109 tantummodo
1690 2061 1803 2109 uni-

408 2143 526 2195 tate,
550 2152 648 2184 non
674 2135 845 2183 eadem
869 2144 1034 2184 tamen
1064 2144 1138 2184 est
1170 2152 1339 2184 earum
1362 2137 1678 2200 inaequalitas.
1749 2136 1802 2185 Si

407 2219 574 2260 tamen
608 2219 710 2259 tres
744 2211 928 2259 fuerint
962 2211 1343 2274 magnitudines,
1382 2212 1600 2271 minima,
1623 2211 1801 2271 media,

406 2287 634 2345 maxima,
658 2288 786 2335 ratio
810 2287 1025 2335 minimae
1050 2287 1113 2335 ad
1139 2287 1350 2335 mediam
1374 2288 1531 2351 major
1554 2295 1629 2336 est
1653 2303 1802 2352 quam

407 2363 534 2410 ratio
572 2363 790 2427 ejusdem
827 2362 891 2410 ad
932 2363 1209 2411 maximam.
1281 2362 1467 2410 Contra
1502 2379 1634 2419 vero,
1672 2363 1800 2412 ratio

407 2439 632 2486 maximae
658 2438 722 2486 ad
745 2438 958 2486 mediam
982 2438 1142 2486 minor
1166 2445 1240 2486 est
1262 2454 1407 2501 quam
1433 2438 1558 2486 ratio
1582 2439 1801 2502 ejusdem

407 2514 472 2562 ad
495 2513 761 2563 minimam.
832 2514 1117 2561 Diceremus
1143 2514 1272 2561 enim
1295 2514 1539 2562 Teucrum
1565 2515 1802 2578 majorem

407 2589 554 2637 fuisse
575 2596 915 2653 comparatum
935 2589 999 2637 ad
1018 2589 1242 2653 Ulyssem
1263 2605 1408 2652 quam
1433 2589 1497 2637 ad
1514 2590 1733 2654 Ajacem,
1753 2598 1804 2640 et

408 2666 611 2728 Ajacem
648 2665 887 2712 minorem
922 2665 1070 2713 fuisse
1105 2670 1444 2728 comparatum
1481 2681 1593 2713 cum
1627 2666 1802 2730 Ulysse

410 2757 551 2804 quam
581 2757 693 2788 cum
715 2741 922 2788 Teucro.
994 2740 1143 2804 Cujus
1167 2740 1237 2788 rei
1261 2757 1408 2789 causa
1431 2741 1689 2790 manifesta
1712 2749 1801 2791 est.

410 2816 540 2864 Nam
564 2824 746 2880 quanto
770 2816 1058 2880 magnitudo
1086 2816 1246 2864 minor
1276 2817 1477 2879 propius
1514 2818 1706 2866 aceedit
1738 2817 1804 2866 ad

410 2892 798 2956 magnitudinem
823 2893 1074 2956 majorem,
1093 2899 1232 2941 tanto
1256 2892 1406 2941 habet
1424 2892 1488 2941 ad
1505 2893 1638 2942 illam
1656 2893 1799 2942 ratio·
1874 2956 1878 2960 ι
