1982 3204
406 292 497 356 108
808 303 931 338 ¹Lm<
958 301 1382 337 MATHEMATICA.

114 426 380 454 coumovssn-
399 411 560 473 posita
584 427 644 460 cx
674 419 693 461 l
724 414 787 463 ad
813 421 842 463 3
868 423 918 464 et
950 422 965 463 l
998 415 1061 463 ad
1085 421 1115 463 6
1142 422 1215 463 est
1234 414 1359 462 ratio
1390 418 1409 461 1
1440 412 1503 461 ad
1531 418 1606 461 18.
1664 413 1795 463 Nam

185 481 249 506 SIA
272 482 312 507 11.

152 526 341 549 s—r«
399 487 525 535 ratio
573 504 683 551 quae
728 490 786 538 fit
834 507 863 538 a
910 490 1098 538 duabus
1143 490 1416 538 rationibus
1459 488 1567 551 (per
1613 487 1708 537 def.
1745 494 1793 552 5,

398 562 552 610 Elem.
579 564 630 625 v)
668 571 742 611 est
782 565 909 613 ratio
946 566 1065 613 facti
1106 581 1166 612 ex
1204 563 1608 612 antecedentibus
1647 563 1701 611 in
1740 579 1793 612 se

399 638 749 702 multiplicatis.
820 641 991 703 Itaque
1016 657 1126 688 cum
1163 639 1510 688 antecedentes
1540 645 1558 686 l
1583 639 1635 686 in
1665 645 1679 686 l
1719 638 1793 687 fa-

398 713 533 761 ciant
563 720 602 772 l,
629 724 679 762 et
703 723 1054 779 consequentes
1080 723 1108 763 3
1135 716 1185 763 in
1209 722 1239 763 6
1265 715 1451 763 faciant
1482 720 1555 773 18,
1594 731 1792 778 compo-

390 788 492 837 sita
514 790 639 837 ratio
665 806 723 837 ex
756 798 771 839 1
803 791 866 838 ad
891 797 920 838 3
946 799 996 839 et
1026 798 1043 839 l
1070 791 1132 839 ad
1156 798 1186 838 6
1213 792 1304 839 erit
1330 791 1454 838 ratio
1485 796 1503 838 l
1533 789 1597 838 ad
1627 795 1701 838 18.

466 864 631 913 Quare
668 865 943 914 doctrinam
968 867 1095 914 hanc
1120 882 1312 930 quoque
1337 882 1365 913 a
1396 865 1612 913 scientiis
1635 866 1793 914 omni-

395 939 488 986 bus
512 940 832 1003 ablegandam
859 958 962 990 esse
998 958 1191 990 censeo.
1261 940 1386 1000 Quia
1418 941 1548 988 enim
1586 941 1793 990 scientia

396 1015 743 1064 mathematica
779 1016 1022 1080 dependet
1056 1024 1162 1065 tota
1194 1033 1225 1065 a
1257 1017 1539 1080 cognitione
1569 1017 1790 1076 rationis,

396 1090 692 1153 impossibile
737 1100 812 1139 est
857 1100 912 1139 ut
959 1092 1333 1140 mathematicus
1380 1092 1486 1139 fieri
1533 1092 1791 1156 quisquam

396 1166 565 1228 possit,
603 1167 686 1230 qui
730 1183 831 1215 non
877 1167 1109 1230 intelligit
1151 1175 1377 1215 naturam
1414 1167 1632 1216 rationis,
1709 1169 1790 1217 Ad

396 1242 708 1290 evertendam
748 1242 1069 1305 geometriam
1111 1259 1239 1291 unus
1279 1243 1359 1290 hic
1400 1243 1607 1291 Wallisii
1652 1259 1791 1292 error

395 1317 588 1375 sufficit,
613 1317 652 1365 si
675 1316 1004 1380 professorum
1028 1317 1336 1380 publicorum
1361 1318 1659 1369 authoritate
1683 1334 1789 1367 sus-

386 1392 627 1440 tineatur.

827 1540 1257 1576 CONTROVERSIA
1277 1541 1362 1575 111.

459 1626 539 1674 De
561 1627 754 1675 ratione
782 1628 1071 1693 reetanguli
1092 1628 1164 1677 ad
1187 1626 1502 1691 parabolam,
1527 1628 1603 1676 ad
1623 1644 1788 1693 para-

393 1701 638 1750 boloez‘des
661 1702 884 1761 solidum,
907 1704 977 1751 ad
993 1702 1334 1768 parabolicam
1356 1702 1639 1761 eubicalem,
1656 1703 1793 1752 etad

383 1777 743 1842 ¹aliasfiguras
768 1779 871 1843 ipsi
896 1779 1186 1844 inscriptas.

384 1871 386 1873 ·
461 1853 607 1901 Quod
631 1853 927 1916 triangulum
947 1854 1222 1917 rectanguli
1245 1852 1450 1901 eandem
1471 1853 1696 1902 habentis
1719 1853 1788 1902 al-

392 1927 652 1976 titudinem
676 1937 725 1977 et
755 1930 921 1977 basem
954 1930 1208 1978 dimidium
1240 1929 1317 1988 sit,
1356 1930 1581 1977 omnibus
1614 1937 1786 1978 notum

382 2000 482 2051 est.
552 2003 700 2052 Quod
733 2005 966 2067 parabola
1003 2005 1278 2069 rectanguli
1319 2005 1524 2053 eandem
1565 2005 1787 2054 altitudi-

392 2094 505 2126 nem
529 2087 579 2126 et
601 2080 766 2127 basem
801 2080 1024 2129 habentis
1059 2082 1120 2129 sit
1145 2081 1187 2136 ἕ,
1214 2080 1602 2129 demonstratum
1625 2089 1701 2130 est
1722 2081 1786 2130 ab

376 2154 703 2212 Archimede,
727 2162 776 2203 et
798 2164 909 2218 post
932 2156 1067 2204 illum
1092 2157 1153 2204 ab
1179 2157 1301 2205 aliis.

461 2229 559 2277 Sed
582 2230 751 2293 figurae
771 2238 884 2279 sunt
902 2231 1007 2279 aliae
1025 2232 1192 2280 multae
1210 2232 1447 2280 habentes
1473 2231 1679 2280 eandem
1703 2231 1786 2281 ba-

390 2320 493 2352 sem
517 2312 566 2353 et
586 2305 898 2354 altitudinem
923 2323 1034 2355 cum
1054 2308 1359 2371 rectangulo,
1386 2307 1644 2371 descriptae
1666 2315 1784 2356 vero

373 2380 466 2427 *vel
489 2380 550 2428 ab
569 2380 828 2428 altitudine
846 2382 923 2429 vel
947 2398 976 2430 a
999 2383 1114 2430 base
1140 2383 1408 2431 secundum
1428 2391 1614 2431 certam
1633 2383 1785 2432 ratio-

388 2470 502 2503 nem
526 2463 762 2519 perpetuo
787 2456 1126 2506 decrescente:
1163 2475 1369 2522 quarum
1394 2458 1541 2506 etiam
1566 2458 1782 2507 rationes

389 2530 453 2578 ad
475 2531 832 2594 rectangulum,
857 2538 906 2579 et
929 2540 1167 2595 praeterea
1191 2540 1360 2582 centra
1383 2532 1654 2596 gravitatis,
1697 2532 1781 2581 de-

388 2606 670 2654 terminavit
689 2606 968 2654 Hobbesius
985 2607 1037 2654 in
1054 2608 1179 2656 libro
1197 2623 1266 2657 DE
1288 2622 1559 2666 CORPORE,
1576 2624 1683 2672 cap.
1708 2611 1782 2668 17,

374 2689 533 2745 atque
557 2682 705 2729 etiam
730 2682 781 2729 in
804 2682 994 2730 tabulas
1018 2684 1279 2746 congessit.

451 2756 700 2805 Wallisius
724 2765 888 2805 autem
913 2756 1047 2805 edito
1079 2767 1194 2806 ante
1218 2774 1373 2807 annos
1406 2758 1692 2808 octodecem
1722 2758 1781 2807 li-

385 2832 514 2881 bello
533 2848 677 2897 quem
701 2831 969 2880 Elenclmm
999 2832 1291 2881 Geometriae
1315 2834 1598 2882 Hobbianae
1617 2833 1778 2898 appel-

385 2907 519 2968 lavit,
545 2908 824 2957 confutasse
849 2924 899 2958 se
923 2908 1026 2956 haec
1050 2908 1212 2956 omnia
1235 2909 1473 2972 gloriatus
1499 2917 1586 2959 est.
