1982 3204
730 258 1023 293 ems-rom.
1475 249 1570 300 279

182 368 245 418 de
282 370 446 425 anima
475 378 530 419 et
556 370 661 419 Deo
702 370 966 434 corporeiS,
988 368 1049 417 de
1086 368 1260 432 spiritu
1288 370 1499 429 interno,
1523 379 1572 420 et
1609 379 1809 408 cmm-a

180 444 370 509 reliqua
415 461 523 509 quae
566 461 645 494 me
685 461 785 494 non
824 452 1050 508 tangunt.
1121 443 1226 491 Etsi
1266 444 1396 492 enim
1440 446 1573 495 dicat
1611 422 1814 491 Q

181 521 438 570 materiam
478 538 637 570 meam
678 520 907 570 subtilem
946 518 1152 568 eandem
1191 535 1295 567 esse
1332 535 1443 567 cum
1472 536 1572 576 >suo

182 596 359 659 spiritu
386 596 596 654 interne,
629 612 730 644 non
762 611 960 659 possum
997 603 1163 643 tamen
1201 594 1252 642 id
1288 610 1569 658 agnoscere.

183 670 363 731 Primo,
388 672 502 735 quia
535 672 671 720 illum
700 671 821 720 facit
856 687 1051 719 causam
1087 669 1303 728 duritiei,
1328 686 1439 718 cum
1460 655 1574 719 sffea

181 747 346 810 potius
363 763 391 795 e
408 756 583 796 contra
599 747 805 795 molitiei
824 746 890 794 sit
912 761 1059 794 causa
1079 765 1091 793 ε
1118 745 1312 803 deinde,
1336 746 1450 809 quia
1471 762 1572 795 non

181 822 326 871 video
340 839 439 887 qua
455 823 647 871 ratione
665 822 756 870 iste
774 821 972 885 spiritus
987 820 1128 869 valde
1146 820 1338 869 mobilis
1356 822 1574 884 corpori-

181 898 275 947 bus
289 898 424 947 duris
442 899 510 947 ita
527 897 711 946 includi
736 897 890 961 possit
914 905 970 945 ut
993 912 1245 961 nunquam
1269 912 1331 944 ex
1354 897 1413 945 iis
1436 913 1574 960 egre-

182 972 363 1032 diatur,
386 989 479 1022 nec
502 973 747 1037 quomodo
764 973 1070 1037 ingrediatur
1088 972 1256 1021 mollia
1274 988 1385 1021 cum
1405 972 1573 1022 dures-

182 1055 316 1097 cunt.
352 1049 449 1097 Sed
458 1049 601 1097 venio
612 1049 676 1097 ad
686 1065 745 1097 ea
759 1065 868 1112 quae
883 1049 1054 1097 scribit
1062 1056 1235 1096 contra
1243 1048 1574 1112 Dioptricam.

249 1124 495 1188 Imprimis
534 1124 605 1172 ait
638 1140 718 1172 me
755 1124 932 1173 clarius
963 1124 1243 1172 locuturum
1274 1139 1395 1183 esse,
1419 1123 1461 1172 si
1483 1140 1574 1187 pro

183 1198 590 1248 determinatione
644 1209 834 1248 motum
881 1200 1264 1248 determinatum
1309 1199 1573 1248 dixissem:

184 1291 283 1339 qua
303 1275 356 1323 in
378 1291 434 1324 re
457 1276 550 1340 ipsi
572 1291 672 1324 non
696 1274 950 1324 assentior.
1019 1276 1126 1324 Etsi
1150 1275 1280 1323 enim
1299 1275 1398 1323 dici
1419 1276 1576 1338 possit

182 1350 492 1400 velocitatem
527 1351 640 1415 pilae
676 1351 739 1399 ab
775 1352 821 1399 A
851 1351 915 1399 ad
951 1351 991 1398 B
1024 1351 1254 1415 componi
1288 1367 1349 1399 ex
1386 1350 1575 1401 duabus

184 1426 309 1486 aliis,
336 1427 540 1485 scilicet,
576 1427 639 1475 ab
663 1427 708 1475 A
730 1426 795 1474 ad
819 1427 886 1485 H,
911 1435 962 1475 et
984 1427 1046 1475 ab
1070 1427 1115 1475 A
1134 1426 1198 1475 ad
1222 1426 1261 1474 C
1281 1445 1293 1474 ε
1329 1427 1577 1475 abstinen-

185 1501 303 1551 dum
326 1511 492 1551 tamen
515 1502 683 1567 putavi
706 1503 768 1550 ab
799 1502 893 1550 isto
922 1502 1068 1551 modo
1090 1502 1339 1566 loquendi,
1363 1518 1426 1550 ne
1447 1502 1576 1551 forte

184 1577 256 1626 ita
298 1577 670 1642 intelligeretur,
714 1586 772 1625 ut
811 1577 1016 1625 istarum
1060 1592 1143 1625 ve·
1219 1623 1235 1641 Α
1486 1622 1509 1642 a

185 1651 441 1702 locitatum
479 1654 532 1702 in
578 1661 716 1702 motu
762 1653 831 1701 sic
872 1653 1145 1716 composita
1243 1698 1259 1728 X

186 1729 451 1794 quantitaS,
475 1738 527 1777 et
549 1729 693 1777 unius
717 1728 780 1776 ad
802 1727 1007 1776 alteram
1031 1743 1143 1792 pro-

183 1806 363 1869 portio,
377 1811 676 1853 remaneret:
696 1802 829 1867 quod
846 1803 980 1851 nullo
995 1803 1141 1851 modo
1236 1673 1495 1952 N

0 1877 19 1948 R
185 1888 260 1929 est
281 1895 468 1928 verum.
521 1880 651 1927 Nam
675 1879 732 1938 si,
746 1878 956 1941 exempli
979 1894 1142 1935 causa,

185 1971 423 2020 ponamus
450 1956 601 2020 pilam
623 1956 685 2004 ab
710 1955 759 2004 A
779 1955 896 2003 ferri
919 1954 1142 2002 dextror·
1199 1942 1215 1961 ⁶
1514 1946 1531 1964 ⁸

185 2047 295 2082 sum
316 2048 416 2080 uno
432 2031 591 2095 gradu
613 2030 901 2089 velocitatis,
925 2038 977 2078 et
1000 2030 1143 2078 deor-

185 2122 295 2157 sum
317 2123 415 2156 uno
439 2107 588 2155 etiam
610 2105 785 2170 gradu,
803 2106 1057 2170 perveniet
1078 2106 1143 2154 ad

186 2181 231 2232 B
252 2198 366 2232 cum
389 2183 582 2233 duobus
613 2182 847 2246 gradibus
877 2182 1143 2230 celeritatis
1491 2248 1510 2267 ο

187 2257 360 2307 eodem
396 2267 618 2323 tempore
645 2274 743 2322 quo
778 2258 889 2315 alia,
913 2273 1024 2321 quae
1045 2257 1143 2306 fer·
1219 2253 1238 2271 ⁰

186 2342 324 2383 retur
344 2335 492 2383 etiam
515 2334 578 2382 ab
595 2334 642 2382 A
661 2333 969 2382 dextrorsum
995 2349 1095 2381 uno
1117 2334 1276 2397 gradu
1298 2333 1577 2392 celeritatis,

189 2418 242 2458 et
285 2409 510 2459 deorsum
548 2409 755 2469 duobuS,
792 2408 1044 2472 perveniet
1084 2409 1149 2457 ad
1185 2409 1229 2457 G
1268 2424 1381 2457 cum
1421 2408 1579 2457 tribus

187 2482 420 2547 gradibus
442 2484 722 2533 celeritatis,
792 2484 937 2533 Unde
960 2493 1262 2548 sequeretur,
1286 2484 1466 2532 lineam
1490 2483 1579 2531 AB

189 2558 523 2609 esseadAG
558 2559 864 2608 ut2ad3:
906 2575 1015 2623 quae
1050 2569 1218 2609 tamen
1254 2567 1328 2608 est
1364 2557 1581 2608 ut2ad

187 2650 231 2683 r.
257 2638 331 2691 10,
353 2642 449 2684 etc.

256 2708 405 2759 Quod
437 2709 509 2758 ait
546 2719 732 2774 postea,
756 2720 940 2759 terram
972 2710 1146 2760 tollere
1169 2709 1471 2758 celeritatem
1495 2706 1581 2755 de·

189 2799 372 2842 orsum,
394 2791 471 2833 est
492 2794 665 2835 contra
682 2786 1018 2850 hypothesim:
1053 2785 1287 2850 supposui
1310 2784 1441 2831 enim
1458 2781 1581 2830 nihil

189 2859 334 2923 plane
370 2858 431 2908 de
453 2859 703 2910 celeritate
735 2861 961 2911 detrahi:
997 2869 1048 2910 et
1085 2868 1259 2909 contra
1281 2873 1478 2908 omnem
1500 2871 1583 2904 ex·
