1898 3230
128 373 240 399 PROP.
262 373 320 399 111.

132 420 318 441 ἱ-Ὗῄκ

111 455 156 483 De
170 457 324 494 polygonis

109 500 301 538 regularibus.

382 236 437 279 12
709 244 969 279 ROSETUM
999 243 1427 278 GEOMETRICUM.

441 357 646 405 Secetur
688 365 823 405 recta
869 371 1172 420 quaecunque
1219 355 1306 402 AB
1353 356 1405 403 in
1445 363 1559 404 octo
1600 364 1764 420 partes

373 433 601 495 aequales,
641 449 850 495 quarum
876 433 961 480 ΑΟ
997 432 1061 478 sit
1096 438 1300 493 septem.
1372 431 1497 479 Tum
1521 440 1692 481 centro
1717 433 1763 480 A

374 508 747 556 semidiametris
788 507 891 566 AB,
933 506 1019 554 ΑΟ
1065 506 1405 554 describantur
1443 506 1540 555 duo
1577 508 1762 556 circuli.

286 580 290 586 “
373 583 562 631 Deinde
599 593 819 631 sumatur
854 582 1105 646 perimetri
1139 582 1309 629 circuli
1333 581 1588 630 exterioris
1610 582 1764 646 (quod

372 657 515 706 facile
539 658 670 706 factu
692 660 783 719 est)
813 673 925 721 pars
964 664 1137 704 octava
1170 657 1286 704 BD:
1324 656 1630 720 ducaturque
1654 658 1761 718 AD,

373 749 542 781 secans
583 734 818 781 circulum
855 733 1139 780 interiorem
1179 732 1231 779 in
1271 732 1328 790 E,
1365 748 1474 796 quae
1508 733 1764 782 abscindet

372 817 561 872 partem
586 811 690 872 ejus
716 809 795 857 ΟΕ
821 816 1061 856 octavam.

440 885 643 932 Secetur
680 900 820 932 arcus
854 883 941 930 BD
977 882 1203 930 bifariam
1237 882 1289 930 in
1327 898 1375 941 a,
1419 882 1762 948 ducanturque

371 960 568 1008 chordae
609 960 699 1018 Ba,
748 960 842 1007 aD.
913 959 970 1006 In
1011 974 1128 1006 arcu
1168 965 1331 1006 autem
1371 958 1451 1006 ΟΕ
1488 959 1761 1022 applicetur

370 1043 505 1083 recta
530 1035 615 1094 Cb,
640 1034 838 1098 aequalis
865 1034 954 1092 Ba,
992 1042 1042 1081 et
1074 1049 1241 1080 rursus
1273 1031 1330 1080 bc
1359 1034 1558 1097 aequalis
1599 1034 1761 1084 eidem

372 1110 447 1157 Ba
471 1111 570 1158 sive
596 1111 673 1158 aD
695 1129 706 1156 ι
743 1126 857 1157 nam
883 1116 998 1156 sunt
1021 1108 1247 1171 aequales.

437 1186 560 1234 Dico
586 1186 784 1233 ductam
808 1192 991 1232 rectam
1019 1184 1090 1231 Cc
1125 1200 1228 1232 esse
1264 1183 1394 1232 latus
1417 1184 1686 1249 heptagoni
1708 1186 1761 1234 in

371 1261 552 1309 circulo
578 1261 671 1308 ΟΕ.

439 1336 685 1384 Quoniam
729 1335 858 1383 enim
886 1334 971 1382 AB
1011 1341 1086 1381 est
1117 1333 1180 1381 ad
1211 1334 1298 1382 ΑΟ
1321 1342 1378 1382 ut
1402 1340 1432 1383 8
1457 1334 1522 1383 ad
1541 1338 1588 1394 7,
1612 1335 1760 1384 etiam

369 1412 631 1474 perimeter
668 1410 838 1458 circuli
877 1410 966 1457 BD
1004 1409 1067 1457 ad
1107 1409 1427 1473 perimetrum
1465 1410 1636 1459 circuli
1678 1411 1760 1459 ΟΕ

369 1486 463 1534 erit
486 1494 540 1534 ut
566 1492 595 1534 8
620 1486 683 1534 ad
708 1489 754 1540 7.

432 1562 593 1609 Etiam
617 1562 730 1625 quia
763 1568 976 1608 sectores
1002 1559 1152 1618 ABD,
1178 1560 1306 1608 ACE
1339 1568 1455 1608 sunt
1490 1561 1686 1620 similes,
1711 1569 1762 1610 et

366 1637 612 1699 triangula
636 1637 786 1695 ABD,
813 1637 938 1684 ACE
983 1635 1175 1694 similia,
1215 1635 1310 1683 erit
1346 1643 1453 1684 tum
1491 1652 1635 1684 arcus
1671 1637 1760 1685 BD

367 1712 431 1759 ad
453 1729 620 1760 arcum
647 1713 746 1771 ΟΕ,
771 1721 878 1760 tum
908 1711 1093 1760 chorda
1123 1711 1206 1759 BD
1231 1711 1294 1759 ad
1319 1712 1556 1760 chordam
1583 1712 1680 1772 ΟΕ,
1703 1720 1760 1761 ut

369 1794 398 1835 8
423 1787 486 1835 ad
518 1790 564 1842 7.

433 1863 638 1926 Propter
675 1863 881 1911 eandem
923 1878 1122 1911 causam
1164 1861 1274 1911 duae
1313 1862 1512 1911 chordae
1553 1863 1645 1921 Ba,
1677 1861 1759 1910 aD

366 1946 509 1986 erunt
533 1938 596 1986 ad
621 1939 694 1998 Οἱ,
721 1939 795 1998 iE,
821 1939 940 1986 duas
978 1937 1187 1986 chordas
1225 1938 1469 1986 dimidiati
1491 1953 1634 1986 arcus
1657 1938 1756 1997 ΟΕ,

366 2024 423 2061 ut
448 2019 477 2062 8
502 2014 564 2062 ad
591 2018 635 2069 7.

430 2090 537 2138 Jam
565 2090 793 2153 quoniam
822 2090 928 2154 (per
961 2089 1397 2151 constructionem)
1425 2096 1531 2138 tum
1556 2086 1753 2139 chordae

366 2165 455 2224 Ba,
482 2166 575 2224 aD,
602 2166 788 2213 duabus
826 2165 1020 2214 chordis
1058 2164 1142 2223 Cb,
1169 2165 1241 2222 bc,
1281 2173 1407 2214 utrae
1442 2165 1664 2229 utrisque
1705 2172 1756 2214 et

363 2239 492 2287 inter
516 2256 567 2288 se
592 2248 705 2288 sunt
729 2241 955 2305 aequales,
975 2249 1119 2288 erunt
1142 2247 1194 2288 et
1217 2241 1313 2289 illae
1334 2240 1532 2289 chordae
1551 2240 1616 2288 ad
1635 2240 1757 2290 duas

365 2315 570 2364 chordas
601 2316 789 2364 dimidii
821 2333 964 2364 arcus
998 2316 1081 2364 ΟΕ
1108 2324 1164 2364 ut
1189 2322 1219 2364 8
1243 2316 1307 2364 ad
1332 2318 1388 2370 7:
1424 2323 1473 2364 et
1496 2323 1759 2380 propterea

364 2391 510 2438 etiam
542 2408 682 2439 arcus
716 2390 783 2440 Cc
815 2391 878 2439 ad
917 2407 1086 2439 arcum
1129 2391 1208 2439 ΟΕ
1241 2399 1298 2439 ut
1323 2396 1352 2439 8
1377 2390 1441 2439 ad
1466 2395 1512 2445 7.
1583 2390 1757 2439 Ductis

364 2466 511 2513 etiam
535 2466 627 2522 Ab,
652 2467 740 2522 Ae,
765 2474 814 2515 et
837 2466 1086 2530 perductis
1109 2466 1173 2514 ad
1197 2465 1645 2514 circumferentiam
1668 2482 1755 2514 ex-

362 2542 591 2590 teriorem
627 2543 676 2590 in
701 2543 738 2590 d
764 2551 815 2591 et
838 2560 881 2601 e,
918 2542 1027 2590 duae
1068 2541 1265 2590 chordae
1298 2541 1389 2600 Bd,
1415 2541 1479 2589 de
1512 2550 1657 2590 erunt
1690 2541 1755 2590 ad

364 2616 483 2664 duas
508 2617 713 2665 chordas
740 2618 827 2675 Ba,
853 2618 948 2676 aD,
974 2618 1076 2665 sive
1102 2615 1187 2676 Cb,
1213 2616 1287 2676 bc,
1312 2624 1369 2664 ut
1393 2621 1422 2664 8
1447 2616 1512 2664 ad
1535 2620 1582 2670 7.

431 2692 615 2740 Rursus
648 2700 838 2741 secetur
869 2708 1012 2741 arcus
1037 2692 1112 2740 Ba
1136 2691 1362 2739 bifariam
1386 2690 1437 2739 in
1442 2690 1501 2755 s,
1526 2690 1756 2740 ducatur-

363 2782 456 2829 que
473 2767 552 2830 As
566 2783 735 2816 secans
759 2784 928 2816 arcum
947 2767 1027 2816 ΟΕ
1046 2767 1097 2815 in
1118 2783 1174 2831 g,
1195 2766 1536 2830 ducanturque
1556 2766 1755 2816 chordae

365 2841 447 2905 Bf,
472 2841 562 2906 Cg.
633 2843 880 2903 Similiter,
905 2850 1099 2892 secetur
1122 2857 1263 2890 arcus
1283 2841 1364 2890 Bd
1382 2841 1607 2891 bifariam
1630 2842 1683 2892 in
1704 2842 1751 2891 k.
