1982 3204
722 255 1015 315 msa-om.
1465 278 1560 320 285

172 389 287 454 pilae
309 390 373 439 ab
397 392 440 439 A
464 390 527 440 ad
552 392 591 440 B
616 393 843 457 componi
876 409 936 441 ex
971 392 1159 440 duabus
1190 394 1312 452 aliis,
1347 396 1408 443 ab
1433 398 1476 444 A
1500 397 1564 446 ad
1600 403 1768 476 ffbbfflffl·
1785 403 1822 432 ⁸⁸¹

176 466 226 515 H
249 475 302 516 et
324 468 387 516 ab
412 469 455 516 A
478 468 540 516 ad
565 469 620 527 C,
639 469 981 517 abstinendum
1003 476 1166 517 tamen
1187 485 1291 517 esse
1310 473 1478 533 putavi
1501 474 1563 520 ab
1617 456 1807 512 Q

172 542 268 591 isto
299 544 446 592 modo
480 544 726 608 loquendi,
757 561 819 593 ne
850 545 978 593 forte
1011 544 1081 592 ita
1114 544 1484 608 intelligeretur,-
1508 555 1563 595 ut

173 617 390 681 ipsarum
403 619 718 668 velocitatum
743 620 793 668 in
818 629 957 668 motu
980 619 1049 668 sic
1072 620 1346 683 composito
1369 624 1563 684 quant-²-

171 700 263 750 tas,
283 703 333 743 et
350 695 495 743 unius
511 695 574 743 ad
592 695 794 743 alteram
818 696 1086 759 proportio,
1107 705 1406 744 remaneret:
1432 697 1563 760 quod

173 769 309 818 nullo
344 770 490 819 modo
524 786 692 818 vemm
727 779 815 819 est.
888 772 1016 819 Nam
1051 771 1106 826 si,
1143 772 1352 835 exempli
1386 773 1561 835 gratia,

171 860 411 908 ponamus
446 846 593 910 pilam
629 847 690 894 ab
714 847 758 894 A
781 846 896 894 ferri
934 846 1240 894 dextrorsum
1275 863 1374 895 uno
1404 848 1562 910 gradu

173 920 450 979 celeritatiS,
475 929 525 969 et
548 921 777 969 deorsum
811 937 911 969 uno
934 921 1084 969 etiam
1108 922 1281 985 gradu,
1310 923 1560 986 perveniet

172 994 238 1044 ad
261 995 302 1043 B
326 1012 437 1044 cum
461 995 651 1044 duobus
682 996 915 1060 gradibus
939 996 1216 1055 celeritatis,
1241 998 1415 1045 eodem
1437 1006 1560 1046 tem-

170 1086 292 1135 pore
313 1087 410 1135 quo
434 1071 531 1119 alia
557 1087 666 1134 quae
700 1071 912 1119 ferretur
946 1072 1093 1120 etiam
1118 1072 1426 1121 dextrorsum
1461 1090 1560 1122 uno

170 1145 328 1209 gradu
350 1146 629 1205 celeritatis,
654 1155 703 1195 et
728 1146 956 1195 deorsum
992 1147 1198 1206 duobus,
1223 1150 1475 1212 perveniet
1498 1150 1561 1198 ad

172 1221 221 1269 G
238 1237 349 1270 cum
373 1222 530 1271 tribus
553 1222 786 1286 gradibus
810 1223 1098 1271 celeritatis:
1123 1223 1252 1271 unde
1277 1234 1563 1288 sequeretur

169 1295 351 1346 lineam
373 1298 462 1346 AB
486 1313 591 1346 esse
615 1298 678 1346 ad
702 1298 790 1346 AG
814 1306 870 1346 ut
894 1305 923 1346 2
949 1298 1012 1346 ad
1037 1305 1084 1357 3,
1109 1299 1273 1363 quod*
1298 1308 1464 1348 tamen
1483 1309 1563 1349 'est

170 1380 230 1422 ut
252 1378 284 1422 2
311 1372 376 1421 ad
402 1373 564 1422 r.10.”

240 1447 549 1513 Respondeo,
596 1449 823 1513 quoniam
867 1450 1132 1498 confitetur
1177 1450 1404 1500 dominus
1444 1452 1564 1500 Des·

172 1532 332 1573 cartes
355 1523 454 1573 diei
476 1541 619 1589 posse
644 1525 950 1573 velocitatem
977 1526 1089 1589 pilae
1113 1526 1175 1574 ab
1199 1527 1244 1574 A
1267 1526 1331 1575 ad
1365 1527 1406 1575 B
1431 1543 1564 1576 com-

169 1599 290 1664 poni
319 1616 462 1664 posse
499 1617 559 1649 ex
589 1600 777 1648 duabus
802 1601 925 1658 aliis,
949 1602 1011 1649 ab
1035 1603 1079 1649 A
1103 1601 1167 1650 ad
1192 1602 1240 1650 H
1272 1611 1323 1651 et
1345 1603 1407 1650 ab
1431 1604 1476 1651 A
1498 1603 1563 1651 ad

172 1674 230 1735 C,
254 1674 464 1725 debebat
499 1692 693 1740 quoque
728 1677 953 1724 confiteri
987 1676 1039 1725 id
1073 1693 1242 1725 verum
1277 1693 1415 1725 esse:
1450 1693 1564 1726 nam

172 1750 418 1800 existimat
442 1751 498 1810 is,
522 1768 552 1800 a
573 1752 866 1816 philosopho
902 1752 954 1800 in
989 1753 1299 1816 philosophia
1321 1752 1443 1800 nihil
1466 1753 1565 1801 dici

171 1842 315 1892 posse
337 1828 470 1892 quod
501 1844 602 1876 non
637 1828 700 1876 sit
735 1844 921 1876 verum.
993 1828 1090 1876 Sed
1122 1828 1359 1877 abstinuit
1381 1828 1444 1875 ab
1467 1828 1564 1876 isto

171 1902 403 1967 loquendi
438 1903 601 1963 modo,
625 1904 858 1967 quoniam
880 1903 994 1952 inde
1018 1903 1182 1967 colligi
1206 1903 1400 1951 videtur
1421 1918 1563 1966 posse

171 1977 225 2027 id
247 1978 378 2043 quod
400 1979 575 2028 falsum
599 1987 689 2037 est,
713 1995 903 2043 nempe,
927 1979 1169 2027 rationem
1191 1979 1333 2027 lineae
1354 1979 1439 2026 AB
1462 1995 1562 2027 non

171 2069 278 2103 esse
302 2055 365 2104 ad
388 2055 565 2103 lineam
585 2055 673 2103 AG
690 2061 790 2103 ut2
809 2054 873 2103 ad
896 2059 1024 2111 r.lO,
1044 2054 1132 2103 sed
1155 2061 1210 2102 ut
1234 2059 1265 2102 2
1289 2054 1350 2102 ad
1376 2060 1429 2102 3:
1456 2070 1562 2118 quae

168 2130 298 2179 ratio
321 2130 597 2179 abstinendi
622 2146 721 2179 non
745 2138 821 2178 est
851 2131 1002 2194 justa.
1071 2130 1199 2178 Nam
1225 2130 1265 2178 si
1290 2146 1390 2178 non
1425 2138 1561 2178 recte

171 2203 382 2254 infertur
403 2205 465 2253 ab
487 2206 582 2253 isto
605 2204 753 2253 modo
775 2204 1007 2268 loquendi
1031 2204 1216 2252 falsitas
1239 2204 1337 2263 illa,
1356 2220 1455 2251 non
1481 2204 1560 2251 de-

170 2277 320 2330 bebat
333 2280 507 2329 timere
520 2297 551 2329 a
563 2279 932 2344 paralogismis*
946 2296 1068 2344 quos
1086 2279 1167 2328 alii
1181 2287 1352 2343 postea
1366 2280 1562 2327 sibimet

173 2354 292 2420 ipsis
315 2365 519 2421 possent
548 2357 725 2405 facere.
796 2355 895 2404 Sed
931 2356 1034 2420 ipse
1068 2356 1262 2419 putavit
1292 2355 1561 2403 illationem

171 2429 309 2479 illam
338 2446 503 2480 veram
531 2447 654 2490 esse,
677 2447 823 2496 quam
854 2430 966 2479 ideo
997 2431 1101 2495 ipse
1131 2446 1325 2494 quoque
1357 2430 1560 2493 colligit,

177 2504 264 2554 sed
285 2504 447 2554 fallaci
469 2506 857 2555 ratiocinatione.
892 2505 1022 2554 Nam
1040 2506 1133 2554 etsi
1155 2506 1306 2570 pilam
1323 2520 1562 2569 ponamus

174 2578 295 2630 ferri
329 2581 392 2629 ab
426 2581 470 2629 A
510 2581 819 2630 dextrorsum
858 2597 959 2630 uno
997 2581 1156 2644 gradu
1195 2580 1474 2638 celeritatis,
1512 2587 1562 2627 et

178 2654 404 2704 deorsum
442 2647 552 2705 nno*
572 2657 746 2721 gradu,
781 2672 882 2706 non
923 2664 1087 2705 tamen
1129 2656 1381 2720 perveniet
1419 2654 1482 2703 ad
1521 2654 1560 2702 B

176 2730 368 2780 duobus
397 2731 628 2796 gradibus
661 2733 948 2782 celeritatis:
983 2732 1208 2781 similiter
1236 2732 1279 2780 si
1307 2732 1354 2780 A
1376 2731 1563 2779 feratur

790 2899 813 2921 ⁶
845 2897 921 2937 Sic.
