1982 3204
404 261 493 304 154
706 271 997 305 PRINCIPIA
1025 273 1090 304 ET
1118 271 1490 305 PROBLEMATA

178 399 268 425 cu.
291 400 316 425 1.
398 381 745 431 mathematica
792 383 851 430 de
900 383 1231 446 qualitatibus,
1287 389 1527 446 quatenus
1581 382 1790 430 alterum

133 484 333 521 „emb-jectu,
399 457 553 505 altero
578 458 732 521 magis
757 458 834 505 vel
857 459 1017 505 minus
1047 458 1149 505 tale
1178 474 1281 505 esse
1307 458 1502 506 dicitur.
1571 458 1644 505 De
1669 474 1790 521 quo-

132 528 361 566 P¹³¹¹⁰³P³³⁸’⁶¹⁶·
399 549 589 597 cunque
631 534 760 581 enim
797 534 894 582 dici
929 534 1274 582 adverbialiter
1308 541 1485 598 potest,
1512 534 1668 596 magis
1705 542 1791 582 aut

398 610 557 657 minus
604 617 692 667 est,
738 610 1111 657 fundamentum
1157 610 1306 658 habet
1351 610 1402 658 in
1451 609 1791 673 magnitudine

397 685 570 748 aliqua.
643 685 860 732 Pertinet
898 685 1045 732 etiam
1080 685 1144 733 ad
1174 685 1572 733 mathematicam
1598 701 1789 748 compa·

397 761 522 808 ratio
560 761 690 808 inter
721 776 771 807 se
795 759 1207 822 magnitudinum,
1232 767 1471 819 motuum,
1495 767 1789 823 temporum,

398 843 492 884 etc.
563 836 691 883 Nam
709 844 911 899 propter
928 836 1086 883 varias
1110 852 1274 884 rerum
1298 835 1673 898 inaequalitates,
1691 852 1791 884 una

399 911 705 974 inoequalitas
724 912 879 974 major
904 919 977 959 est
990 912 1068 959 vel
1092 912 1253 960 minor
1276 911 1386 959 alia.
1450 911 1614 958 Habet
1639 911 1791 975 igitur

397 986 713 1050 inse-qualitas
760 1002 896 1034 suam
943 986 1035 1033 sibi
1078 986 1467 1050 magnitudinem
1489 1005 1499 1033 ε
1543 994 1692 1049 atque
1733 1003 1792 1035 ea

396 1062 502 1125 ipsa
526 1069 598 1110 est
622 1078 767 1124 quam
786 1077 964 1109 vocare
989 1062 1150 1109 solent
1173 1062 1431 1109 rationem.

463 1138 623 1185 Etiam
648 1153 874 1185 numerus
898 1137 962 1185 ad
988 1138 1385 1185 mathematicam
1409 1137 1639 1200 pertinet.
1710 1137 1789 1185 Ad

398 1230 543 1276 quam
581 1214 710 1260 enim
748 1213 1000 1261 scientiam
1039 1214 1256 1276 pertinet
1288 1228 1482 1276 corpus,
1507 1213 1585 1260 vel
1609 1220 1788 1270 motus,

396 1291 473 1337 vel
496 1297 703 1353 tempus,
729 1290 806 1336 vel
830 1290 972 1346 linea,
998 1290 1048 1337 in
1085 1289 1336 1352 singulari,
1362 1288 1425 1336 ad
1449 1288 1655 1336 eandem
1678 1304 1789 1351 per-

396 1366 556 1413 tinent
585 1366 752 1413 eadem
780 1365 943 1413 omnia
977 1366 1027 1413 in
1062 1365 1254 1428 plurali.
1327 1365 1450 1412 Cum
1485 1364 1615 1412 enim
1646 1380 1790 1411 unum

396 1457 495 1488 non
519 1442 584 1489 sit
607 1441 739 1489 aliud
763 1458 910 1505 quam
934 1457 1019 1488 res
1049 1447 1325 1500 numerata,
1350 1456 1451 1488 non
1488 1440 1583 1487 erit
1618 1455 1789 1488 nume-

395 1533 477 1564 rus
502 1517 634 1564 aliud
659 1533 807 1580 quam
830 1533 913 1565 res
936 1523 1224 1565 numeratoe.

460 1591 710 1655 Infinitum
748 1600 914 1641 autem
952 1600 1192 1656 quantum
1234 1592 1313 1651 sit,
1354 1607 1447 1639 nec
1481 1591 1647 1654 rogari
1694 1590 1790 1638 nisi

394 1668 618 1726 absurde,
661 1685 752 1717 nec
790 1668 1075 1732 responderi
1122 1668 1322 1716 omnino
1362 1674 1543 1730 potest.
1614 1666 1789 1729 Neque

393 1761 509 1793 vero
533 1745 672 1793 finita
694 1745 983 1808 magnitudo
1021 1744 1173 1792 dividi
1205 1745 1258 1792 in
1294 1751 1461 1807 partes
1485 1758 1690 1790 numero
1714 1742 1789 1790 in-

394 1821 571 1878 finitas,
596 1837 687 1869 nec
721 1837 953 1869 numerus
986 1821 1208 1869 infinitus
1247 1820 1353 1868 dari
1389 1826 1566 1883 potest.
1640 1818 1791 1868 Quod

397 1895 530 1942 enim
554 1895 720 1943 dicant
745 1911 1080 1959 saepenumero
1105 1894 1455 1952 mathematici,
1473 1893 1790 1959 producatur

395 1970 529 2018 linea
560 1971 610 2018 in
640 1972 897 2033 infinitum,
920 1987 1021 2019 non
1053 1971 1123 2019 ita
1154 1970 1463 2034 intelligendi
1499 1977 1613 2017 sunt
1649 1985 1708 2017 ac
1747 1970 1790 2018 si

394 2046 500 2094 fieri
523 2046 573 2094 id
598 2047 837 2095 sentirent
854 2062 1012 2111 posse,
1034 2047 1120 2094 sed
1143 2055 1200 2095 ut
1222 2045 1593 2111 producendam
1616 2044 1789 2093 lectori

394 2121 598 2169 arbitrio
623 2138 710 2170 suo
734 2123 1079 2186 relinquerent.

461 2197 535 2245 De
559 2197 634 2245 his
658 2198 1002 2246 mathematice
1039 2196 1269 2260 subjectis
1302 2196 1353 2244 id
1393 2195 1523 2259 quod
1553 2195 1790 2259 quaeritur

396 2272 529 2321 aliud
550 2274 651 2320 fere
675 2290 773 2322 non
795 2281 883 2333 est,
905 2289 1053 2337 quam
1071 2280 1254 2337 quanta
1278 2272 1342 2320 sit
1365 2270 1654 2334 magnitudo
1677 2286 1787 2334 pro-

395 2348 556 2411 posita
580 2358 817 2411 quatenus
842 2355 1156 2412 comparatur
1184 2363 1295 2395 cum
1332 2345 1670 2410 magnitudine
1693 2345 1790 2393 alia

397 2423 613 2486 ejusdem
636 2425 860 2486 generis:
898 2424 1014 2482 sive,
1043 2430 1098 2472 ut
1134 2439 1234 2471 uno
1257 2422 1408 2470 verbo
1442 2421 1618 2479 dicam,
1654 2435 1788 2484 quae-

396 2499 521 2547 ritur
544 2500 692 2547 ratio,

463 2575 732 2623 Accedenti
754 2576 906 2638 igitur
937 2575 1001 2623 ad
1037 2574 1434 2623 mathematicam
1457 2570 1787 2620 necessarium

395 2658 486 2707 est,
510 2659 566 2699 ut
589 2651 826 2699 vocabula
849 2650 970 2710 haec,
996 2658 1045 2699 et
1068 2651 1163 2699 alia
1194 2651 1361 2699 omnia
1397 2648 1573 2712 quibus
1596 2646 1788 2695 mathe-

395 2725 561 2774 matici
584 2733 806 2784 utuntur,
832 2733 1061 2774 accurate
1096 2725 1347 2773 intellecta
1375 2724 1583 2772 habeat:
1620 2722 1672 2770 id
1695 2729 1786 2781 est,

395 2803 521 2851 bene
545 2810 595 2850 et
618 2802 873 2865 perspicue
897 2802 1116 2850 definita.

468 2878 821 2936 Quantitatem‚
842 2894 986 2940 quam
1006 2886 1196 2926 veteres
1213 2892 1456 2940 nusquam
1475 2874 1786 2932 definierunt,
