1982 3204
561 314 670 348 Lux
700 311 1130 363 Mis-ruminum.
1440 301 1531 352 127

146 423 337 473 nesciat
365 425 712 488 pronuntiare.
787 423 851 471 Et
887 437 1079 470 rursus:
1115 421 1265 469 multo
1294 421 1814 487 probabi-cenrnovna·

146 499 243 549 Iius
258 499 606 565 pronuntiabit
628 516 661 547 a
686 514 910 547 mensura
928 512 1118 545 mensor
1138 496 1374 562 diligens,
1391 515 1533 561 qaam
1621 497 1683 522 ⁸¹*
1703 497 1741 522 x.

146 574 234 640 qni
247 575 543 639 pronuntiat
566 574 772 638 asalsis
787 572 1063 638 principiis
1086 578 1180 620 etc.
1251 573 1374 620 Haec
1396 573 1533 621 Hob-

146 651 333 700 besius:
369 659 418 699 et
441 660 496 699 ut
519 650 638 698 mibi
656 650 863 705 videtur,
888 664 985 696 non
1009 647 1360 711 imprudenter.
1421 648 1533 697 Quo

147 725 352 774 consilio
384 726 426 774 si
449 741 564 773 usus
588 733 719 773 esset
743 723 1010 782 Wallisius,
1034 722 1165 786 quod
1187 723 1358 786 figurae
1382 723 1533 772 finitae

148 809 372 849 centrum
410 800 664 864 gravitatis
699 798 849 847 distat
879 799 941 846 ab
966 797 1069 862 ipsa
1097 798 1254 861 figura
1278 799 1436 862 spatio
1460 799 1534 846 in-

147 876 306 935 finito,
351 892 596 939 nunquam
644 874 930 938 scripsisset.
1018 873 1116 921 Sed
1162 873 1281 937 quid
1326 874 1389 922 ad
1428 874 1537 930 ham

147 948 425 999 Wallisius?
494 949 757 1009 Hobbium,
792 950 878 1009 ait,
914 949 992 998 his
1033 949 1274 998 methodis
1308 956 1534 1008 utentem,

148 1025 296 1075 talem
319 1025 460 1074 nobis
473 1025 757 1090 producere
775 1024 1111 1091 geometriam,
1135 1030 1305 1089 utpote
1331 1025 1413 1073 cui
1436 1025 1535 1072 cir-

147 1101 284 1149 cinus
313 1107 391 1148 est
421 1099 610 1148 calculo
645 1100 947 1148 accuratior.
1017 1101 1075 1148 In
1108 1100 1346 1148 Hobbesii
1374 1101 1535 1148 verbis

147 1175 269 1224 nihil
285 1175 427 1224 video
448 1192 540 1240 ego
563 1176 615 1223 in
639 1175 771 1223 illam
789 1176 1099 1224 sententiam.
1147 1176 1281 1225 Quid
1299 1192 1417 1241 ergo
1436 1185 1533 1225 est:

147 1250 395 1310 mendum,
419 1267 483 1299 an
507 1250 843 1299 mendacium?

212 1326 479 1375 Veniamus
499 1342 616 1390 ergo
636 1326 700 1374 ad
717 1327 964 1390 prop.xvi,
985 1342 1094 1389 quae
1109 1342 1267 1390 neque
1285 1326 1537 1375 theorema

146 1417 305 1466 neque
327 1401 587 1466 quicquam
622 1401 849 1450 affirmati
874 1410 970 1449 est:
1008 1401 1094 1449 sed
1119 1402 1324 1465 quaestio
1358 1418 1537 1466 propo·
1559 1417 1566 1423 ’·

148 1477 243 1526 sita
264 1477 622 1525 mathematicis
639 1486 696 1525 ut
715 1477 963 1525 solverent
986 1477 1371 1540 quibuscunque,
1390 1494 1535 1541 quam

147 1552 229 1601 ille
247 1568 346 1601 non
369 1552 526 1601 solvit.
600 1553 734 1602 Quid
757 1569 875 1616 ergo
901 1552 1022 1600 dicit
1043 1553 1059 1600 ?
1132 1552 1436 1615 Corffutatio,
1460 1554 1535 1602 in-

147 1627 269 1691 quit,
285 1626 477 1690 facilis
515 1634 607 1675 est.
678 1627 775 1676 Sed
815 1627 1022 1675 eandem
1062 1627 1209 1675 etiam
1257 1629 1535 1677 Hobbesius

149 1702 323 1752 falsam
340 1718 445 1751 esse
463 1711 621 1767 putat,
640 1712 811 1767 utpote
829 1719 973 1761 verae,
992 1719 1138 1766 quam
1156 1703 1219 1751 ad
1234 1703 1352 1751 Ros.
1371 1706 1535 1767 prop.i

149 1778 518 1837 demonstravit,
533 1779 844 1827 contrariam.
891 1778 1075 1826 Debuit
1094 1787 1258 1827 autem
1281 1787 1535 1842 peccatum

148 1853 344 1918 aliquod
377 1854 647 1918 assignasse
681 1853 944 1902 Wallisius.
1011 1854 1128 1911 Est,
1152 1854 1326 1918 inquit,
1362 1855 1448 1902 Kd
1467 1855 1541 1903 ad

148 1928 240 1978 AD
282 1935 336 1976 ut
358 1926 402 1989 ἦ
424 1928 592 1989 45—÷
619 1930 691 1977 ad
717 1936 763 1977 1:
804 1929 942 1990 (Ros.
966 1930 1047 1993 fig.
1065 1930 1191 1991 xiii).
1262 1930 1359 1978 Sed
1385 1946 1534 1994 argu-

150 2011 371 2053 mentum
391 2003 486 2052 hoc
509 2020 539 2051 a
562 2004 806 2053 radicibus
835 2004 1215 2053 condemnatum
1238 2013 1328 2053 est.
1398 2007 1536 2054 Hob-

147 2079 312 2129 besius
356 2090 522 2128 autem
567 2080 618 2128 in
664 2097 723 2130 eo
764 2090 1021 2145 peccatum
1062 2098 1169 2130 esse
1209 2090 1366 2146 putat,
1405 2083 1536 2146 quod

148 2164 387 2220 punctum
433 2156 487 2204 M
532 2166 818 2220 supponunt
862 2174 969 2207 esse
1014 2158 1118 2206 sine
1162 2158 1438 2217 latitudine,
1485 2168 1536 2206 et

148 2239 385 2295 punctum
405 2231 443 2279 d
461 2231 645 2280 habent
666 2249 756 2296 pro
776 2233 968 2281 visibili.
1017 2233 1130 2282 Quo
1155 2234 1426 2298 supposito,
1444 2234 1540 2282 Md

149 2321 308 2371 neque
326 2307 458 2356 linea
474 2323 632 2371 neque
647 2309 986 2372 rectangulum
1001 2309 1110 2367 erit,
1119 2309 1206 2357 sed
1219 2309 1535 2373 triangulum,

150 2389 203 2431 et
213 2381 330 2431 inde
343 2382 461 2430 oriri
476 2382 808 2432 difficultatem
822 2384 1126 2448 quaestionis:
1146 2393 1304 2448 putat,
1319 2385 1535 2448 inquam,

149 2472 251 2506 non
279 2457 512 2506 affirmat:
548 2458 756 2523 ideoque
793 2468 959 2508 manet
999 2459 1236 2509 hactenus
1277 2459 1535 2509 difficultas

149 2531 376 2583 insoluta.

577 2675 1009 2710 com-novansm
1034 2676 1113 2709 xl.

263 2749 344 2798 De
363 2749 523 2801 latere
547 2752 840 2802 icosaloedri.
925 2768 1122 2803 Rosa-n
1147 2768 1287 2817 prop.
1307 2753 1423 2801 xvii.

221 2839 407 2889 Contra
442 2842 569 2892 hanc
599 2844 807 2893 Wallisii
847 2844 1057 2908 objectio
1092 2843 1251 2908 prima
1281 2851 1370 2901 est,
1404 2843 1534 2907 quod

155 2915 428 2980 dependeat
449 2934 480 2967 a
500 2918 598 2979 xiv,
621 2928 672 2968 et
694 2936 725 2968 a
747 2920 1049 2968 consectario
1070 2925 1102 2967 3
1124 2934 1263 2982 prop.
1288 2918 1371 2966 vii.
1413 2918 1535 2967 Quae
