1982 3204
332 254 429 298 406
896 263 1163 298 HlsromA

389 370 661 428 Principibus
680 371 817 424 licuit,
839 387 1002 429 parque
1021 372 1179 416 referre
1199 371 1324 428 pari?

331 438 413 480 Pr.
445 437 547 480 Non
569 438 811 494 patiebatur
831 446 1013 495 tempus.
1075 438 1249 495 Papalis
1269 437 1432 480 arundo

390 503 533 546 Haesit
552 505 712 547 crudeli
733 520 818 547 non
839 505 1071 560 quatienda
1090 519 1234 546 manu.
1613 506 1727 547 2140

330 569 439 612 Post
457 570 545 613 haec
566 570 821 621 Wiccliffus,
844 577 1010 627 regeret
1031 586 1130 612 cum
1151 570 1304 612 tertius
1326 569 1498 627 Anglos

390 636 640 687 Edwardus,
663 637 813 679 doctus
833 637 1026 693 disputat
1047 636 1255 680 Oxoniae:

334 701 547 758 Pleraque
567 702 760 746 defuncti
780 703 1010 746 defendens
1030 703 1229 760 dogmata
1249 703 1412 754 waldi,

397 768 588 826 Ingeniis
607 769 735 812 rectis
755 769 924 813 vincere
944 770 1060 813 visus
1080 777 1181 812 erat.

332 834 526 891 Moxque
546 836 607 879 rei
626 842 758 893 gestae
779 837 1008 879 commovit
1028 836 1141 879 fama
1160 836 1387 887 Bohemos,

391 901 521 945 Unde
541 909 683 945 ortum
702 902 862 946 bellum
882 910 947 946 est
966 903 1206 946 haereticale
1226 918 1397 946 novum.

334 967 530 1011 Perdidit
549 968 769 1011 haereticos
789 969 961 1012 tandem
982 969 1159 1013 victoria
1179 970 1338 1020 crebra,

390 1034 708 1090 Pontificesque
728 1035 850 1078 auxit
869 1035 989 1078 miles
1009 1035 1214 1091 utrinque
1235 1035 1400 1078 cadens.

333 1101 418 1143 Sec.
454 1100 539 1144 Sed
558 1101 688 1144 miror
707 1101 894 1157 potuisse
915 1102 1106 1144 homines
1126 1108 1192 1144 tot
1212 1101 1264 1143 ad
1285 1117 1403 1144 arma
1422 1101 1565 1145 vocari

392 1166 642 1210 Haereticos.
704 1166 846 1210 Nemo
865 1167 960 1224 lege
980 1174 1151 1210 coactus
1172 1173 1276 1210 erat.
1612 1170 1726 1210 2150

333 1233 381 1276 N
383 1249 443 1285 ec,
466 1240 583 1290 puto,
601 1248 702 1276 cura
722 1233 807 1275 fuit
827 1233 1000 1276 sincerae
1021 1233 1267 1291 relligionis,

390 1299 459 1342 De
481 1314 566 1355 qua
586 1315 757 1343 securus
777 1300 961 1343 rusticus
981 1315 1071 1343 esse
1092 1300 1210 1343 solet.

334 1365 490 1408 Paucis
511 1366 617 1409 scire
637 1367 763 1409 datur
784 1366 1029 1409 Verborum
1050 1382 1173 1410 sensa
1195 1365 1419 1411 Sacrorum
1437 1382 1449 1416 3

393 1431 496 1475 Uno
517 1438 708 1488 emptum
732 1431 842 1485 (sine
861 1434 928 1488 re)
949 1432 1068 1484 scire,
1090 1447 1169 1475 nec
1189 1447 1293 1483 asse,
1315 1432 1461 1476 velint.

334 1498 484 1555 Vulgo
504 1499 623 1541 nulla
642 1498 742 1540 mali
762 1505 863 1542 nota
882 1506 948 1542 est
967 1514 1166 1542 mensura
1183 1499 1395 1555 bonique:

392 1565 423 1606 J
427 1565 514 1608 uris
534 1571 578 1608 et
598 1565 745 1621 injusti
765 1565 938 1608 nomina
958 1566 1046 1608 sola
1065 1572 1226 1608 tenent.

334 1630 368 1674 J
370 1637 515 1674 ustum
535 1631 717 1687 quisque
737 1637 874 1682 vocat,
898 1631 1102 1687 quicquid
1122 1637 1219 1674 tuto
1239 1630 1343 1674 facit
1362 1630 1477 1688 ipse:

394 1696 523 1751 Quod
542 1698 705 1754 patitur
724 1698 884 1749 nolens,
905 1698 950 1740 id
969 1704 1095 1754 putat
1114 1713 1204 1740 esse
1223 1697 1355 1740 nefas.

338 1763 476 1820 Impia
496 1771 767 1821 sumpserunt
786 1764 831 1806 in
855 1779 976 1821 reges
997 1779 1098 1821 ergo
1118 1763 1300 1807 Bohemi

393 1830 533 1872 Arma
552 1846 649 1873 suos
670 1830 804 1879 stulti,
826 1846 904 1874 nec
923 1830 1132 1887 placitura
1151 1829 1258 1873 Deo.
1608 1831 1724 1872 2160

334 1897 414 1939 Pr.
447 1896 543 1940 Nec
563 1897 758 1953 placuere
778 1896 898 1947 Deo3
931 1896 1007 1952 qui
1026 1897 1165 1939 lucem
1184 1895 1359 1939 reddere
1378 1895 1537 1939 mundo

391 1963 512 2021 Lege
532 1970 652 2020 parat
666 1964 797 2020 justa,
819 1979 905 2006 non
924 1963 1072 2020 populi
1091 1962 1270 2005 facibus.

335 2029 602 2073 Wiccliffum
622 2029 732 2072 texit
751 2029 858 2071 Dux
879 2028 1215 2080 Lancastrensis‚
1237 2035 1282 2071 et
1301 2027 1414 2072 idem

393 2095 580 2152 Insignis
600 2094 735 2137 fastus
757 2095 987 2151 spiritualis
1009 2109 1118 2137 osor.

338 2161 464 2206 Secta
483 2169 626 2204 tamen
645 2161 814 2212 mansit,
837 2161 1220 2215 Lollardorumque
1235 2165 1386 2203 vocata
1404 2163 1469 2202 est
1486 2174 1496 2200 :

393 2227 564 2271 Territa
583 2227 656 2270 sed
677 2227 793 2270 duris
813 2226 979 2282 legibus
999 2225 1194 2269 obticuit.

335 2293 452 2337 Nam
473 2293 570 2336 Rex
592 2292 820 2342 Henricus‚
842 2307 919 2335 rex
938 2291 1011 2334 illo
1031 2290 1202 2334 nomine
1223 2296 1414 2345 quartus,

393 2359 587 2415 Adjutus
606 2358 753 2415 populi
774 2365 940 2415 sceptra
960 2358 1104 2400 favore
1124 2355 1261 2412 rapit:

335 2425 634 2481 Invidiamque
654 2425 799 2468 volens
819 2424 922 2468 cleri
941 2424 1120 2480 placare,
1142 2422 1258 2478 quod
1278 2421 1413 2466 hostis

392 2491 642 2535 Verticibus
663 2491 766 2533 rasis
787 2490 892 2533 Dux
912 2497 1033 2547 pater
1053 2490 1144 2546 ejus
1165 2495 1268 2539 erat,
1614 2487 1728 2531 2170

336 2557 562 2601 Haereticis
582 2557 738 2600 nostris
768 2554 1110 2599 Vivi-comburia¹
1133 2554 1292 2597 festum

392 2623 514 2682 Lege
533 2623 650 2667 dedit
669 2622 855 2680 primus:
889 2621 1140 2678 expediebat
1161 2620 1287 2664 enim.

339 2689 424 2734 Sed
443 2696 540 2747 post
559 2695 730 2733 centum
751 2703 898 2738 annos,
919 2687 1083 2730 decimo
1105 2686 1300 2743 Papante
1323 2686 1478 2736 Leone,

396 2755 485 2800 Sub
506 2756 629 2799 Duce
653 2754 861 2799 Saxonico
882 2753 1084 2810 Principe
1104 2753 1309 2810 legitimo,

819 2887 827 2908 ¹
856 2886 961 2935 [Vide
977 2884 1249 2930 messmam]
