<?xml version="1.0" encoding="UTF-8"?>
<!DOCTYPE html PUBLIC "-//W3C//DTD XHTML 1.0 Transitional//EN"
    "http://www.w3.org/TR/xhtml1/DTD/xhtml1-transitional.dtd">
<html xmlns="http://www.w3.org/1999/xhtml" xml:lang="en" lang="en">
 <head>
  <title>
</title>
<meta http-equiv="Content-Type" content="text/html;charset=utf-8" />
  <meta name='ocr-system' content='tesseract 3.04.00' />
  <meta name='ocr-capabilities' content='ocr_page ocr_carea ocr_par ocr_line ocrx_word'/>
</head>
<body>
  <div class='ocr_page' id='page_1' title='image "./operaphilosophic05hobbuoft/operaphilosophic05hobbuoft_0120.png"; bbox 0 0 1982 3204; ppageno 0'>
   <div class='ocr_carea' id='block_1_1' title="bbox 460 286 1440 332">
    <p class='ocr_par' dir='ltr' id='par_1_1' title="bbox 460 286 1440 332">
     <span class='ocr_line' id='line_1_1' title="bbox 460 286 1440 332; baseline 0.003 -4"><span class='ocrx_word' id='word_1_1' title='bbox 460 286 550 330; x_wconf 85' lang='lat'><strong>112</strong></span> <span class='ocrx_word' id='word_1_2' title='bbox 873 298 983 332; x_wconf 78' lang='lat' dir='ltr'><strong>Lux</strong></span> <span class='ocrx_word' id='word_1_3' title='bbox 1014 298 1440 331; x_wconf 71' lang='grc' dir='ltr'><strong>ΜΑΤΗΕΜΑΤῙΟΑ.</strong></span> 
     </span>
    </p>
   </div>
   <div class='ocr_carea' id='block_1_2' title="bbox 167 408 1853 2512">
    <p class='ocr_par' dir='ltr' id='par_1_2' title="bbox 167 408 1852 774">
     <span class='ocr_line' id='line_1_2' title="bbox 167 408 1852 472; baseline 0 -17"><span class='ocrx_word' id='word_1_4' title='bbox 167 422 432 450; x_wconf 67' lang='lat' dir='ltr'><strong>comnovm-</strong></span> <span class='ocrx_word' id='word_1_5' title='bbox 452 408 555 455; x_wconf 91' lang='lat' dir='ltr'><strong>visa</strong></span> <span class='ocrx_word' id='word_1_6' title='bbox 571 408 780 471; x_wconf 87' lang='lat' dir='ltr'><strong>pecunia</strong></span> <span class='ocrx_word' id='word_1_7' title='bbox 797 409 1121 472; x_wconf 86' lang='lat' dir='ltr'><strong>multiplicata</strong></span> <span class='ocrx_word' id='word_1_8' title='bbox 1139 409 1395 467; x_wconf 84' lang='lat' dir='ltr'><strong>trifariam,</strong></span> <span class='ocrx_word' id='word_1_9' title='bbox 1412 409 1452 456; x_wconf 89' lang='lat' dir='ltr'><strong>is</strong></span> <span class='ocrx_word' id='word_1_10' title='bbox 1473 408 1553 471; x_wconf 90' lang='lat' dir='ltr'><strong>qui</strong></span> <span class='ocrx_word' id='word_1_11' title='bbox 1573 408 1852 456; x_wconf 73' lang='lat' dir='ltr'><strong>contribue-</strong></span> 
     </span>
     <span class='ocr_line' id='line_1_3' title="bbox 203 477 1851 554; baseline 0.001 -24"><span class='ocrx_word' id='word_1_12' title='bbox 203 477 394 546; x_wconf 44' lang='grc' dir='ltr'>Ἃ</span> <span class='ocrx_word' id='word_1_13' title='bbox 451 490 529 530; x_wconf 89' lang='lat' dir='ltr'><strong>rat</strong></span> <span class='ocrx_word' id='word_1_14' title='bbox 552 489 600 542; x_wconf 86' lang='lat'><strong>2,</strong></span> <span class='ocrx_word' id='word_1_15' title='bbox 623 491 788 546; x_wconf 89' lang='lat' dir='ltr'><strong>partes</strong></span> <span class='ocrx_word' id='word_1_16' title='bbox 812 484 903 531; x_wconf 89' lang='lat' dir='ltr'><strong>sibi</strong></span> <span class='ocrx_word' id='word_1_17' title='bbox 925 502 951 554; x_wconf 56' lang='grc' dir='ltr'>ἓ</span> <span class='ocrx_word' id='word_1_18' title='bbox 975 485 1211 547; x_wconf 90' lang='lat' dir='ltr'><strong>petiisset,</strong></span> <span class='ocrx_word' id='word_1_19' title='bbox 1232 484 1356 531; x_wconf 87' lang='lat' dir='ltr'><strong>alter</strong></span> <span class='ocrx_word' id='word_1_20' title='bbox 1374 484 1568 531; x_wconf 87' lang='lat' dir='ltr'><strong>residua</strong></span> <span class='ocrx_word' id='word_1_21' title='bbox 1587 491 1851 532; x_wconf 86' lang='lat' dir='ltr'><strong>contentus</strong></span> 
     </span>
     <span class='ocr_line' id='line_1_4' title="bbox 451 558 1849 621; baseline 0.001 -15"><span class='ocrx_word' id='word_1_22' title='bbox 451 567 595 606; x_wconf 84' lang='lat' dir='ltr'><strong>esset.</strong></span> <span class='ocrx_word' id='word_1_23' title='bbox 675 559 924 617; x_wconf 82' lang='lat' dir='ltr'><strong>Similiter,</strong></span> <span class='ocrx_word' id='word_1_24' title='bbox 965 560 1121 607; x_wconf 89' lang='lat' dir='ltr'><strong>diviso</strong></span> <span class='ocrx_word' id='word_1_25' title='bbox 1162 559 1451 621; x_wconf 90' lang='lat' dir='ltr'><strong>rectangulo</strong></span> <span class='ocrx_word' id='word_1_26' title='bbox 1499 558 1548 606; x_wconf 90' lang='lat' dir='ltr'><strong>A</strong></span> <span class='ocrx_word' id='word_1_27' title='bbox 1594 559 1849 619; x_wconf 82' lang='lat' dir='ltr'><strong>trifariam,</strong></span> 
     </span>
     <span class='ocr_line' id='line_1_5' title="bbox 449 634 1851 698; baseline 0.001 -17"><span class='ocrx_word' id='word_1_28' title='bbox 449 634 699 698; x_wconf 84' lang='lat' dir='ltr'><strong>parabola,</strong></span> <span class='ocrx_word' id='word_1_29' title='bbox 725 636 840 698; x_wconf 88' lang='lat' dir='ltr'><strong>quia</strong></span> <span class='ocrx_word' id='word_1_30' title='bbox 876 644 1138 698; x_wconf 86' lang='lat' dir='ltr'><strong>generatur</strong></span> <span class='ocrx_word' id='word_1_31' title='bbox 1174 651 1261 698; x_wconf 91' lang='lat' dir='ltr'><strong>per</strong></span> <span class='ocrx_word' id='word_1_32' title='bbox 1301 636 1516 682; x_wconf 87' lang='lat' dir='ltr'><strong>rationes</strong></span> <span class='ocrx_word' id='word_1_33' title='bbox 1563 634 1851 697; x_wconf 84' lang='lat' dir='ltr'><strong>duplicatas,</strong></span> 
     </span>
     <span class='ocr_line' id='line_1_6' title="bbox 448 709 1852 774; baseline 0.001 -17"><span class='ocrx_word' id='word_1_34' title='bbox 448 709 718 773; x_wconf 86' lang='lat' dir='ltr'><strong>possidebit</strong></span> <span class='ocrx_word' id='word_1_35' title='bbox 741 710 1016 774; x_wconf 85' lang='lat' dir='ltr'><strong>rectanguli</strong></span> <span class='ocrx_word' id='word_1_36' title='bbox 1052 711 1172 759; x_wconf 88' lang='lat' dir='ltr'><strong>duas</strong></span> <span class='ocrx_word' id='word_1_37' title='bbox 1210 711 1396 769; x_wconf 88' lang='lat' dir='ltr'><strong>tertias,</strong></span> <span class='ocrx_word' id='word_1_38' title='bbox 1436 718 1486 758; x_wconf 90' lang='lat' dir='ltr'><strong>et</strong></span> <span class='ocrx_word' id='word_1_39' title='bbox 1522 710 1852 773; x_wconf 88' lang='lat' dir='ltr'><strong>complemen-</strong></span> 
     </span>
    </p>

    <p class='ocr_par' dir='ltr' id='par_1_3' title="bbox 449 784 930 844">
     <span class='ocr_line' id='line_1_7' title="bbox 449 784 930 844; baseline 0.004 -12"><span class='ocrx_word' id='word_1_40' title='bbox 449 793 556 832; x_wconf 89' lang='lat' dir='ltr'><strong>tum</strong></span> <span class='ocrx_word' id='word_1_41' title='bbox 580 801 745 844; x_wconf 89' lang='lat' dir='ltr'><strong>unam,</strong></span> <span class='ocrx_word' id='word_1_42' title='bbox 766 786 865 833; x_wconf 90' lang='lat' dir='ltr'><strong>sive</strong></span> <span class='ocrx_word' id='word_1_43' title='bbox 889 784 930 836; x_wconf 64' lang='grc' dir='ltr'><strong>ἐ.</strong></span> 
     </span>
    </p>

    <p class='ocr_par' dir='ltr' id='par_1_4' title="bbox 447 860 1853 1226">
     <span class='ocr_line' id='line_1_8' title="bbox 518 860 1851 925; baseline -0.002 -15"><span class='ocrx_word' id='word_1_44' title='bbox 518 861 766 919; x_wconf 84' lang='lat' dir='ltr'><strong>Similiter,</strong></span> <span class='ocrx_word' id='word_1_45' title='bbox 804 861 844 909; x_wconf 90' lang='lat' dir='ltr'><strong>si</strong></span> <span class='ocrx_word' id='word_1_46' title='bbox 890 861 1016 909; x_wconf 90' lang='lat' dir='ltr'><strong>alter</strong></span> <span class='ocrx_word' id='word_1_47' title='bbox 1053 862 1402 909; x_wconf 87' lang='lat' dir='ltr'><strong>contribuisset</strong></span> <span class='ocrx_word' id='word_1_48' title='bbox 1446 868 1492 919; x_wconf 87' lang='lat'><strong>3,</strong></span> <span class='ocrx_word' id='word_1_49' title='bbox 1532 861 1656 909; x_wconf 90' lang='lat' dir='ltr'><strong>alter</strong></span> <span class='ocrx_word' id='word_1_50' title='bbox 1688 866 1728 919; x_wconf 92' lang='lat' dir='ltr'><strong>l,</strong></span> <span class='ocrx_word' id='word_1_51' title='bbox 1766 860 1851 925; x_wconf 91' lang='lat' dir='ltr'><strong>qui</strong></span> 
     </span>
     <span class='ocr_line' id='line_1_9' title="bbox 450 934 1853 1000; baseline 0 -16"><span class='ocrx_word' id='word_1_52' title='bbox 450 937 787 985; x_wconf 87' lang='lat' dir='ltr'><strong>contribuerat</strong></span> <span class='ocrx_word' id='word_1_53' title='bbox 813 946 841 985; x_wconf 89' lang='lat'><strong>3</strong></span> <span class='ocrx_word' id='word_1_54' title='bbox 867 937 1086 1000; x_wconf 87' lang='lat' dir='ltr'><strong>petiisset</strong></span> <span class='ocrx_word' id='word_1_55' title='bbox 1109 939 1330 1000; x_wconf 81' lang='lat' dir='ltr'><strong>pecuniae</strong></span> <span class='ocrx_word' id='word_1_56' title='bbox 1354 937 1695 1000; x_wconf 73' lang='lat' dir='ltr'><strong>multiplicatae</strong></span> <span class='ocrx_word' id='word_1_57' title='bbox 1718 934 1758 995; x_wconf 65' lang='grc' dir='ltr'><strong>Ξ,</strong></span> <span class='ocrx_word' id='word_1_58' title='bbox 1784 937 1853 984; x_wconf 89' lang='lat' dir='ltr'><strong>al-</strong></span> 
     </span>
     <span class='ocr_line' id='line_1_10' title="bbox 447 1012 1851 1076; baseline 0.001 -17"><span class='ocrx_word' id='word_1_59' title='bbox 447 1018 524 1059; x_wconf 90' lang='lat' dir='ltr'><strong>ter</strong></span> <span class='ocrx_word' id='word_1_60' title='bbox 550 1018 592 1071; x_wconf 62' lang='grc' dir='ltr'><strong>ὲ,</strong></span> <span class='ocrx_word' id='word_1_61' title='bbox 665 1012 746 1060; x_wconf 84' lang='lat' dir='ltr'><strong>Sic</strong></span> <span class='ocrx_word' id='word_1_62' title='bbox 770 1012 1005 1075; x_wconf 86' lang='lat' dir='ltr'><strong>parabola</strong></span> <span class='ocrx_word' id='word_1_63' title='bbox 1028 1013 1279 1071; x_wconf 89' lang='lat' dir='ltr'><strong>cubicalis,</strong></span> <span class='ocrx_word' id='word_1_64' title='bbox 1306 1013 1420 1076; x_wconf 88' lang='lat' dir='ltr'><strong>quia</strong></span> <span class='ocrx_word' id='word_1_65' title='bbox 1443 1014 1499 1060; x_wconf 87' lang='lat' dir='ltr'><strong>fit</strong></span> <span class='ocrx_word' id='word_1_66' title='bbox 1523 1029 1612 1076; x_wconf 90' lang='lat' dir='ltr'><strong>per</strong></span> <span class='ocrx_word' id='word_1_67' title='bbox 1634 1012 1851 1061; x_wconf 87' lang='lat' dir='ltr'><strong>rationes</strong></span> 
     </span>
     <span class='ocr_line' id='line_1_11' title="bbox 447 1088 1851 1152; baseline 0.001 -18"><span class='ocrx_word' id='word_1_68' title='bbox 447 1088 630 1151; x_wconf 90' lang='lat' dir='ltr'><strong>ubique</strong></span> <span class='ocrx_word' id='word_1_69' title='bbox 654 1088 941 1150; x_wconf 74' lang='lat' dir='ltr'><strong>triplicatae,</strong></span> <span class='ocrx_word' id='word_1_70' title='bbox 968 1088 1170 1136; x_wconf 87' lang='lat' dir='ltr'><strong>habebit</strong></span> <span class='ocrx_word' id='word_1_71' title='bbox 1192 1088 1216 1140; x_wconf 66' lang='grc' dir='ltr'>Ξ</span> <span class='ocrx_word' id='word_1_72' title='bbox 1242 1089 1516 1152; x_wconf 89' lang='lat' dir='ltr'><strong>rectanguli</strong></span> <span class='ocrx_word' id='word_1_73' title='bbox 1541 1089 1602 1147; x_wconf 84' lang='lat' dir='ltr'><strong>A,</strong></span> <span class='ocrx_word' id='word_1_74' title='bbox 1627 1096 1679 1136; x_wconf 87' lang='lat' dir='ltr'><strong>et</strong></span> <span class='ocrx_word' id='word_1_75' title='bbox 1715 1104 1851 1136; x_wconf 92' lang='lat' dir='ltr'><strong>com-</strong></span> 
     </span>
     <span class='ocr_line' id='line_1_12' title="bbox 447 1163 1038 1226; baseline 0.002 -16"><span class='ocrx_word' id='word_1_76' title='bbox 447 1163 748 1226; x_wconf 86' lang='lat' dir='ltr'><strong>plementum</strong></span> <span class='ocrx_word' id='word_1_77' title='bbox 774 1164 973 1211; x_wconf 91' lang='lat' dir='ltr'><strong>habebit</strong></span> <span class='ocrx_word' id='word_1_78' title='bbox 997 1166 1038 1218; x_wconf 66' lang='grc' dir='ltr'><strong>ὲ.</strong></span> 
     </span>
    </p>

    <p class='ocr_par' dir='ltr' id='par_1_5' title="bbox 446 1239 1851 1604">
     <span class='ocr_line' id='line_1_13' title="bbox 515 1239 1850 1303; baseline 0 -16"><span class='ocrx_word' id='word_1_79' title='bbox 515 1240 579 1287; x_wconf 93' lang='lat' dir='ltr'><strong>Et</strong></span> <span class='ocrx_word' id='word_1_80' title='bbox 602 1239 958 1296; x_wconf 88' lang='lat' dir='ltr'><strong>universaliter,</strong></span> <span class='ocrx_word' id='word_1_81' title='bbox 982 1246 1039 1286; x_wconf 88' lang='lat' dir='ltr'><strong>ut</strong></span> <span class='ocrx_word' id='word_1_82' title='bbox 1062 1239 1396 1302; x_wconf 89' lang='lat' dir='ltr'><strong>negotiatores</strong></span> <span class='ocrx_word' id='word_1_83' title='bbox 1434 1239 1662 1287; x_wconf 88' lang='lat' dir='ltr'><strong>dividunt</strong></span> <span class='ocrx_word' id='word_1_84' title='bbox 1699 1255 1850 1303; x_wconf 90' lang='lat' dir='ltr'><strong>pecu-</strong></span> 
     </span>
     <span class='ocr_line' id='line_1_14' title="bbox 447 1314 1851 1376; baseline 0.001 -15"><span class='ocrx_word' id='word_1_85' title='bbox 447 1314 579 1361; x_wconf 87' lang='lat' dir='ltr'><strong>niam</strong></span> <span class='ocrx_word' id='word_1_86' title='bbox 607 1330 743 1361; x_wconf 89' lang='lat' dir='ltr'><strong>suam</strong></span> <span class='ocrx_word' id='word_1_87' title='bbox 767 1321 963 1361; x_wconf 89' lang='lat' dir='ltr'><strong>auctam</strong></span> <span class='ocrx_word' id='word_1_88' title='bbox 998 1314 1102 1361; x_wconf 91' lang='lat' dir='ltr'><strong>sine</strong></span> <span class='ocrx_word' id='word_1_89' title='bbox 1134 1314 1434 1376; x_wconf 85' lang='lat' dir='ltr'><strong>geometria:</strong></span> <span class='ocrx_word' id='word_1_90' title='bbox 1471 1315 1543 1362; x_wconf 90' lang='lat' dir='ltr'><strong>ita</strong></span> <span class='ocrx_word' id='word_1_91' title='bbox 1577 1315 1851 1363; x_wconf 84' lang='lat' dir='ltr'><strong>mathema-</strong></span> 
     </span>
     <span class='ocr_line' id='line_1_15' title="bbox 448 1389 1849 1453; baseline 0.001 -16"><span class='ocrx_word' id='word_1_92' title='bbox 448 1390 535 1437; x_wconf 86' lang='lat' dir='ltr'><strong>tici</strong></span> <span class='ocrx_word' id='word_1_93' title='bbox 559 1390 785 1437; x_wconf 90' lang='lat' dir='ltr'><strong>dividunt</strong></span> <span class='ocrx_word' id='word_1_94' title='bbox 809 1389 1151 1452; x_wconf 89' lang='lat' dir='ltr'><strong>rectangulum</strong></span> <span class='ocrx_word' id='word_1_95' title='bbox 1183 1390 1235 1436; x_wconf 91' lang='lat' dir='ltr'><strong>in</strong></span> <span class='ocrx_word' id='word_1_96' title='bbox 1259 1398 1424 1452; x_wconf 87' lang='lat' dir='ltr'><strong>partes</strong></span> <span class='ocrx_word' id='word_1_97' title='bbox 1458 1390 1849 1453; x_wconf 85' lang='lat' dir='ltr'><strong>proportionales</strong></span> 
     </span>
     <span class='ocr_line' id='line_1_16' title="bbox 446 1465 1850 1529; baseline 0 -16"><span class='ocrx_word' id='word_1_98' title='bbox 446 1466 736 1524; x_wconf 87' lang='lat' dir='ltr'><strong>rationibus,</strong></span> <span class='ocrx_word' id='word_1_99' title='bbox 760 1481 848 1529; x_wconf 91' lang='lat' dir='ltr'><strong>per</strong></span> <span class='ocrx_word' id='word_1_100' title='bbox 872 1481 993 1529; x_wconf 86' lang='lat' dir='ltr'><strong>quas</strong></span> <span class='ocrx_word' id='word_1_101' title='bbox 1016 1466 1188 1528; x_wconf 87' lang='lat' dir='ltr'><strong>figurae</strong></span> <span class='ocrx_word' id='word_1_102' title='bbox 1212 1465 1419 1513; x_wconf 88' lang='lat' dir='ltr'><strong>trilineae</strong></span> <span class='ocrx_word' id='word_1_103' title='bbox 1452 1465 1741 1529; x_wconf 88' lang='lat' dir='ltr'><strong>rectangulo</strong></span> <span class='ocrx_word' id='word_1_104' title='bbox 1773 1465 1850 1513; x_wconf 90' lang='lat' dir='ltr'><strong>in-</strong></span> 
     </span>
     <span class='ocr_line' id='line_1_17' title="bbox 450 1541 1090 1604; baseline -0.002 -16"><span class='ocrx_word' id='word_1_105' title='bbox 450 1541 644 1604; x_wconf 80' lang='lat' dir='ltr'><strong>scriptae</strong></span> <span class='ocrx_word' id='word_1_106' title='bbox 667 1549 915 1604; x_wconf 83' lang='lat' dir='ltr'><strong>generatae</strong></span> <span class='ocrx_word' id='word_1_107' title='bbox 934 1549 1090 1588; x_wconf 85' lang='lat' dir='ltr'><strong>erant.</strong></span> 
     </span>
    </p>

    <p class='ocr_par' dir='ltr' id='par_1_6' title="bbox 445 1616 1851 2058">
     <span class='ocr_line' id='line_1_18' title="bbox 512 1616 1851 1680; baseline 0 -16"><span class='ocrx_word' id='word_1_108' title='bbox 512 1617 700 1665; x_wconf 91' lang='lat' dir='ltr'><strong>Eodem</strong></span> <span class='ocrx_word' id='word_1_109' title='bbox 723 1617 887 1675; x_wconf 90' lang='lat' dir='ltr'><strong>modo,</strong></span> <span class='ocrx_word' id='word_1_110' title='bbox 913 1632 1149 1664; x_wconf 88' lang='lat' dir='ltr'><strong>concrum</strong></span> <span class='ocrx_word' id='word_1_111' title='bbox 1175 1624 1228 1663; x_wconf 92' lang='lat' dir='ltr'><strong>et</strong></span> <span class='ocrx_word' id='word_1_112' title='bbox 1252 1616 1546 1664; x_wconf 89' lang='lat' dir='ltr'><strong>conoeidum</strong></span> <span class='ocrx_word' id='word_1_113' title='bbox 1568 1616 1851 1680; x_wconf 87' lang='lat' dir='ltr'><strong>genitorum</strong></span> 
     </span>
     <span class='ocr_line' id='line_1_19' title="bbox 446 1692 1849 1757; baseline -0.001 -16"><span class='ocrx_word' id='word_1_114' title='bbox 446 1709 477 1740; x_wconf 89' lang='lat' dir='ltr'><strong>a</strong></span> <span class='ocrx_word' id='word_1_115' title='bbox 502 1693 817 1741; x_wconf 82' lang='lat' dir='ltr'><strong>decrescente</strong></span> <span class='ocrx_word' id='word_1_116' title='bbox 838 1692 1047 1757; x_wconf 91' lang='lat' dir='ltr'><strong>cylindri</strong></span> <span class='ocrx_word' id='word_1_117' title='bbox 1069 1693 1184 1740; x_wconf 88' lang='lat' dir='ltr'><strong>base</strong></span> <span class='ocrx_word' id='word_1_118' title='bbox 1203 1693 1346 1754; x_wconf 84' lang='lat' dir='ltr'><strong>juxta</strong></span> <span class='ocrx_word' id='word_1_119' title='bbox 1369 1692 1615 1740; x_wconf 88' lang='lat' dir='ltr'><strong>rationum</strong></span> <span class='ocrx_word' id='word_1_120' title='bbox 1632 1692 1849 1741; x_wconf 84' lang='lat' dir='ltr'><strong>rationes</strong></span> 
     </span>
     <span class='ocr_line' id='line_1_20' title="bbox 445 1768 1848 1832; baseline 0 -16"><span class='ocrx_word' id='word_1_121' title='bbox 445 1784 651 1817; x_wconf 88' lang='lat' dir='ltr'><strong>numero</strong></span> <span class='ocrx_word' id='word_1_122' title='bbox 676 1769 907 1827; x_wconf 87' lang='lat' dir='ltr'><strong>effabiles,</strong></span> <span class='ocrx_word' id='word_1_123' title='bbox 933 1769 1148 1816; x_wconf 86' lang='lat' dir='ltr'><strong>rationes</strong></span> <span class='ocrx_word' id='word_1_124' title='bbox 1172 1768 1236 1815; x_wconf 89' lang='lat' dir='ltr'><strong>ad</strong></span> <span class='ocrx_word' id='word_1_125' title='bbox 1261 1768 1537 1832; x_wconf 87' lang='lat' dir='ltr'><strong>cylindrum</strong></span> <span class='ocrx_word' id='word_1_126' title='bbox 1566 1769 1619 1816; x_wconf 92' lang='lat' dir='ltr'><strong>in</strong></span> <span class='ocrx_word' id='word_1_127' title='bbox 1643 1784 1741 1831; x_wconf 87' lang='lat' dir='ltr'><strong>quo</strong></span> <span class='ocrx_word' id='word_1_128' title='bbox 1777 1768 1848 1816; x_wconf 90' lang='lat' dir='ltr'><strong>in-</strong></span> 
     </span>
     <span class='ocr_line' id='line_1_21' title="bbox 447 1843 1847 1907; baseline 0.001 -16"><span class='ocrx_word' id='word_1_129' title='bbox 447 1845 644 1907; x_wconf 85' lang='lat' dir='ltr'><strong>scriptae</strong></span> <span class='ocrx_word' id='word_1_130' title='bbox 668 1851 783 1892; x_wconf 87' lang='lat' dir='ltr'><strong>sunt</strong></span> <span class='ocrx_word' id='word_1_131' title='bbox 806 1845 867 1892; x_wconf 90' lang='lat' dir='ltr'><strong>ab</strong></span> <span class='ocrx_word' id='word_1_132' title='bbox 895 1844 1166 1902; x_wconf 89' lang='lat' dir='ltr'><strong>Hobbesio‚</strong></span> <span class='ocrx_word' id='word_1_133' title='bbox 1193 1859 1298 1906; x_wconf 91' lang='lat' dir='ltr'><strong>cap.</strong></span> <span class='ocrx_word' id='word_1_134' title='bbox 1334 1843 1443 1891; x_wconf 92' lang='lat' dir='ltr'><strong>eod.</strong></span> <span class='ocrx_word' id='word_1_135' title='bbox 1481 1844 1583 1892; x_wconf 88' lang='lat' dir='ltr'><strong>xvii</strong></span> <span class='ocrx_word' id='word_1_136' title='bbox 1620 1844 1736 1892; x_wconf 89' lang='lat' dir='ltr'><strong>libri</strong></span> <span class='ocrx_word' id='word_1_137' title='bbox 1775 1858 1847 1891; x_wconf 73' lang='lat' dir='ltr'><strong>DE</strong></span> 
     </span>
     <span class='ocr_line' id='line_1_22' title="bbox 446 1919 1849 1983; baseline 0.001 -16"><span class='ocrx_word' id='word_1_138' title='bbox 446 1934 720 1978; x_wconf 78' lang='lat' dir='ltr'><strong>CORPORE,</strong></span> <span class='ocrx_word' id='word_1_139' title='bbox 747 1935 844 1966; x_wconf 89' lang='lat' dir='ltr'><strong>una</strong></span> <span class='ocrx_word' id='word_1_140' title='bbox 869 1936 981 1967; x_wconf 90' lang='lat' dir='ltr'><strong>cum</strong></span> <span class='ocrx_word' id='word_1_141' title='bbox 1013 1935 1183 1967; x_wconf 89' lang='lat' dir='ltr'><strong>eorum</strong></span> <span class='ocrx_word' id='word_1_142' title='bbox 1217 1919 1398 1967; x_wconf 85' lang='lat' dir='ltr'><strong>centris</strong></span> <span class='ocrx_word' id='word_1_143' title='bbox 1434 1919 1736 1983; x_wconf 85' lang='lat' dir='ltr'><strong>gravitatum</strong></span> <span class='ocrx_word' id='word_1_144' title='bbox 1772 1919 1849 1968; x_wconf 91' lang='lat' dir='ltr'><strong>in-</strong></span> 
     </span>
     <span class='ocr_line' id='line_1_23' title="bbox 445 1995 1440 2058; baseline 0.001 -16"><span class='ocrx_word' id='word_1_145' title='bbox 445 2003 609 2043; x_wconf 85' lang='lat' dir='ltr'><strong>ventae</strong></span> <span class='ocrx_word' id='word_1_146' title='bbox 633 2002 765 2053; x_wconf 89' lang='lat' dir='ltr'><strong>sunt,</strong></span> <span class='ocrx_word' id='word_1_147' title='bbox 792 2004 842 2043; x_wconf 89' lang='lat' dir='ltr'><strong>et</strong></span> <span class='ocrx_word' id='word_1_148' title='bbox 867 1995 918 2042; x_wconf 92' lang='lat' dir='ltr'><strong>in</strong></span> <span class='ocrx_word' id='word_1_149' title='bbox 942 1995 1160 2042; x_wconf 87' lang='lat' dir='ltr'><strong>tabulam</strong></span> <span class='ocrx_word' id='word_1_150' title='bbox 1185 1996 1440 2058; x_wconf 88' lang='lat' dir='ltr'><strong>conjectae.</strong></span> 
     </span>
    </p>

    <p class='ocr_par' dir='ltr' id='par_1_7' title="bbox 441 2069 1850 2512">
     <span class='ocr_line' id='line_1_24' title="bbox 509 2069 1850 2133; baseline 0 -16"><span class='ocrx_word' id='word_1_151' title='bbox 509 2070 683 2118; x_wconf 91' lang='lat' dir='ltr'><strong>Totius</strong></span> <span class='ocrx_word' id='word_1_152' title='bbox 703 2086 820 2132; x_wconf 86' lang='lat' dir='ltr'><strong>ergo</strong></span> <span class='ocrx_word' id='word_1_153' title='bbox 846 2069 1082 2117; x_wconf 88' lang='lat' dir='ltr'><strong>doctrinae</strong></span> <span class='ocrx_word' id='word_1_154' title='bbox 1102 2070 1162 2117; x_wconf 91' lang='lat' dir='ltr'><strong>de</strong></span> <span class='ocrx_word' id='word_1_155' title='bbox 1183 2070 1428 2118; x_wconf 88' lang='lat' dir='ltr'><strong>dictarum</strong></span> <span class='ocrx_word' id='word_1_156' title='bbox 1451 2070 1724 2133; x_wconf 87' lang='lat' dir='ltr'><strong>figurarum</strong></span> <span class='ocrx_word' id='word_1_157' title='bbox 1746 2069 1850 2118; x_wconf 86' lang='lat' dir='ltr'><strong>illa-</strong></span> 
     </span>
     <span class='ocr_line' id='line_1_25' title="bbox 442 2145 1848 2210; baseline -0.001 -17"><span class='ocrx_word' id='word_1_158' title='bbox 442 2161 552 2193; x_wconf 87' lang='lat' dir='ltr'><strong>rum</strong></span> <span class='ocrx_word' id='word_1_159' title='bbox 599 2146 884 2204; x_wconf 85' lang='lat' dir='ltr'><strong>rationibus,</strong></span> <span class='ocrx_word' id='word_1_160' title='bbox 934 2154 985 2193; x_wconf 90' lang='lat' dir='ltr'><strong>et</strong></span> <span class='ocrx_word' id='word_1_161' title='bbox 1039 2145 1099 2193; x_wconf 88' lang='lat' dir='ltr'><strong>de</strong></span> <span class='ocrx_word' id='word_1_162' title='bbox 1147 2153 1318 2194; x_wconf 87' lang='lat' dir='ltr'><strong>centro</strong></span> <span class='ocrx_word' id='word_1_163' title='bbox 1368 2145 1627 2210; x_wconf 85' lang='lat' dir='ltr'><strong>gravitatis</strong></span> <span class='ocrx_word' id='word_1_164' title='bbox 1673 2160 1848 2193; x_wconf 88' lang='lat' dir='ltr'><strong>earum</strong></span> 
     </span>
     <span class='ocr_line' id='line_1_26' title="bbox 443 2220 1849 2284; baseline -0.001 -15"><span class='ocrx_word' id='word_1_165' title='bbox 443 2221 780 2270; x_wconf 88' lang='lat' dir='ltr'><strong>inventionem</strong></span> <span class='ocrx_word' id='word_1_166' title='bbox 804 2220 1033 2284; x_wconf 90' lang='lat' dir='ltr'><strong>adjudico</strong></span> <span class='ocrx_word' id='word_1_167' title='bbox 1059 2221 1336 2269; x_wconf 86' lang='lat' dir='ltr'><strong>Hobbesio:</strong></span> <span class='ocrx_word' id='word_1_168' title='bbox 1360 2237 1461 2269; x_wconf 91' lang='lat' dir='ltr'><strong>non</strong></span> <span class='ocrx_word' id='word_1_169' title='bbox 1479 2228 1646 2268; x_wconf 87' lang='lat' dir='ltr'><strong>tamen</strong></span> <span class='ocrx_word' id='word_1_170' title='bbox 1665 2228 1721 2269; x_wconf 90' lang='lat' dir='ltr'><strong>ut</strong></span> <span class='ocrx_word' id='word_1_171' title='bbox 1740 2235 1849 2268; x_wconf 89' lang='lat' dir='ltr'><strong>rem</strong></span> 
     </span>
     <span class='ocr_line' id='line_1_27' title="bbox 442 2295 1849 2360; baseline -0.001 -14"><span class='ocrx_word' id='word_1_172' title='bbox 442 2313 688 2360; x_wconf 88' lang='lat' dir='ltr'><strong>magnam,</strong></span> <span class='ocrx_word' id='word_1_173' title='bbox 727 2296 840 2360; x_wconf 88' lang='lat' dir='ltr'><strong>quia</strong></span> <span class='ocrx_word' id='word_1_174' title='bbox 864 2296 995 2344; x_wconf 90' lang='lat' dir='ltr'><strong>idem</strong></span> <span class='ocrx_word' id='word_1_175' title='bbox 1030 2295 1220 2343; x_wconf 85' lang='lat' dir='ltr'><strong>faciunt</strong></span> <span class='ocrx_word' id='word_1_176' title='bbox 1256 2296 1340 2359; x_wconf 92' lang='lat' dir='ltr'><strong>qui</strong></span> <span class='ocrx_word' id='word_1_177' title='bbox 1370 2295 1690 2359; x_wconf 85' lang='lat' dir='ltr'><strong>geometriam</strong></span> <span class='ocrx_word' id='word_1_178' title='bbox 1723 2311 1849 2345; x_wconf 89' lang='lat' dir='ltr'><strong>nun-</strong></span> 
     </span>
     <span class='ocr_line' id='line_1_28' title="bbox 442 2370 1844 2437; baseline -0.001 -16"><span class='ocrx_word' id='word_1_179' title='bbox 442 2389 591 2437; x_wconf 89' lang='lat' dir='ltr'><strong>quam</strong></span> <span class='ocrx_word' id='word_1_180' title='bbox 629 2372 923 2430; x_wconf 89' lang='lat' dir='ltr'><strong>didicerunt,</strong></span> <span class='ocrx_word' id='word_1_181' title='bbox 960 2387 1240 2435; x_wconf 89' lang='lat' dir='ltr'><strong>quanquam</strong></span> <span class='ocrx_word' id='word_1_182' title='bbox 1277 2371 1349 2419; x_wconf 88' lang='lat' dir='ltr'><strong>rei</strong></span> <span class='ocrx_word' id='word_1_183' title='bbox 1390 2387 1562 2419; x_wconf 88' lang='lat' dir='ltr'><strong>causas</strong></span> <span class='ocrx_word' id='word_1_184' title='bbox 1598 2370 1844 2430; x_wconf 86' lang='lat' dir='ltr'><strong>nesciunt,</strong></span> 
     </span>
     <span class='ocr_line' id='line_1_29' title="bbox 441 2446 1847 2512; baseline -0.002 -15"><span class='ocrx_word' id='word_1_185' title='bbox 441 2449 539 2497; x_wconf 86' lang='lat' dir='ltr'><strong>nisi</strong></span> <span class='ocrx_word' id='word_1_186' title='bbox 568 2448 621 2496; x_wconf 90' lang='lat' dir='ltr'><strong>in</strong></span> <span class='ocrx_word' id='word_1_187' title='bbox 657 2449 868 2512; x_wconf 87' lang='lat' dir='ltr'><strong>pecunia</strong></span> <span class='ocrx_word' id='word_1_188' title='bbox 901 2447 1161 2511; x_wconf 82' lang='lat' dir='ltr'><strong>explicare.</strong></span> <span class='ocrx_word' id='word_1_189' title='bbox 1247 2446 1497 2494; x_wconf 90' lang='lat' dir='ltr'><strong>Wallisius</strong></span> <span class='ocrx_word' id='word_1_190' title='bbox 1537 2453 1705 2494; x_wconf 84' lang='lat' dir='ltr'><strong>autem</strong></span> <span class='ocrx_word' id='word_1_191' title='bbox 1745 2463 1847 2495; x_wconf 90' lang='lat' dir='ltr'><strong>non</strong></span> 
     </span>
    </p>
   </div>
   <div class='ocr_carea' id='block_1_3' title="bbox 443 2521 1846 2584">
    <p class='ocr_par' dir='ltr' id='par_1_8' title="bbox 443 2521 1846 2584">
     <span class='ocr_line' id='line_1_30' title="bbox 443 2521 1846 2584; baseline -0.002 -10"><span class='ocrx_word' id='word_1_192' title='bbox 443 2531 639 2574; x_wconf 82' lang='lat' dir='ltr'><strong>tantum</strong></span> <span class='ocrx_word' id='word_1_193' title='bbox 661 2524 864 2584; x_wconf 85' lang='lat' dir='ltr'><strong>fraudis,</strong></span> <span class='ocrx_word' id='word_1_194' title='bbox 880 2523 968 2571; x_wconf 85' lang='lat' dir='ltr'><strong>sed</strong></span> <span class='ocrx_word' id='word_1_195' title='bbox 991 2523 1141 2571; x_wconf 88' lang='lat' dir='ltr'><strong>etiam</strong></span> <span class='ocrx_word' id='word_1_196' title='bbox 1155 2532 1319 2582; x_wconf 79' lang='grc' dir='ltr'>ἀμαθίας</span> <span class='ocrx_word' id='word_1_197' title='bbox 1338 2521 1742 2571; x_wconf 77' lang='lat' dir='ltr'><strong>condemnandus</strong></span> <span class='ocrx_word' id='word_1_198' title='bbox 1754 2529 1846 2572; x_wconf 82' lang='lat' dir='ltr'><strong>est.</strong></span> 
     </span>
    </p>
   </div>
   <div class='ocr_carea' id='block_1_4' title="bbox 871 2670 1421 2707">
    <p class='ocr_par' dir='ltr' id='par_1_9' title="bbox 871 2670 1421 2707">
     <span class='ocr_line' id='line_1_31' title="bbox 871 2670 1421 2707; baseline -0.009 0"><span class='ocrx_word' id='word_1_199' title='bbox 871 2670 1306 2707; x_wconf 80' lang='lat' dir='ltr'>CONTROVERSIA</span> <span class='ocrx_word' id='word_1_200' title='bbox 1345 2670 1421 2704; x_wconf 86' lang='lat' dir='ltr'><strong>lv.</strong></span> 
     </span>
    </p>
   </div>
   <div class='ocr_carea' id='block_1_5' title="bbox 426 2748 1846 2967">
    <p class='ocr_par' dir='ltr' id='par_1_10' title="bbox 426 2748 1846 2967">
     <span class='ocr_line' id='line_1_32' title="bbox 525 2748 1846 2814; baseline -0.001 -15"><span class='ocrx_word' id='word_1_201' title='bbox 525 2751 694 2799; x_wconf 81' lang='lat' dir='ltr'><strong>Utrum</strong></span> <span class='ocrx_word' id='word_1_202' title='bbox 717 2751 909 2799; x_wconf 78' lang='lat' dir='ltr'><strong>numeri</strong></span> <span class='ocrx_word' id='word_1_203' title='bbox 932 2749 1172 2814; x_wconf 82' lang='lat' dir='ltr'><strong>quadrati</strong></span> <span class='ocrx_word' id='word_1_204' title='bbox 1194 2748 1347 2797; x_wconf 68' lang='lat' dir='ltr'><strong>radix</strong></span> <span class='ocrx_word' id='word_1_205' title='bbox 1365 2748 1539 2797; x_wconf 84' lang='lat' dir='ltr'><strong>eadem</strong></span> <span class='ocrx_word' id='word_1_206' title='bbox 1557 2764 1642 2797; x_wconf 71' lang='lat' dir='ltr'><strong>res</strong></span> <span class='ocrx_word' id='word_1_207' title='bbox 1657 2748 1725 2797; x_wconf 80' lang='lat' dir='ltr'><strong>sit</strong></span> <span class='ocrx_word' id='word_1_208' title='bbox 1739 2764 1846 2798; x_wconf 78' lang='lat' dir='ltr'><strong>cum</strong></span> 
     </span>
     <span class='ocr_line' id='line_1_33' title="bbox 426 2825 1109 2893; baseline -0.004 -18"><span class='ocrx_word' id='word_1_209' title='bbox 426 2827 618 2893; x_wconf 82' lang='lat' dir='ltr'><strong>figuroe</strong></span> <span class='ocrx_word' id='word_1_210' title='bbox 642 2826 910 2891; x_wconf 80' lang='lat' dir='ltr'><strong>quctclratce</strong></span> <span class='ocrx_word' id='word_1_211' title='bbox 934 2825 1109 2873; x_wconf 84' lang='lat' dir='ltr'><strong>latere.</strong></span> 
     </span>
     <span class='ocr_line' id='line_1_34' title="bbox 512 2899 1844 2967; baseline -0.002 -15"><span class='ocrx_word' id='word_1_212' title='bbox 512 2904 567 2952; x_wconf 86' lang='lat' dir='ltr'><strong>Si·</strong></span> <span class='ocrx_word' id='word_1_213' title='bbox 589 2903 672 2967; x_wconf 92' lang='lat' dir='ltr'><strong>qui</strong></span> <span class='ocrx_word' id='word_1_214' title='bbox 695 2918 786 2967; x_wconf 90' lang='lat' dir='ltr'><strong>pro</strong></span> <span class='ocrx_word' id='word_1_215' title='bbox 813 2901 1035 2951; x_wconf 85' lang='lat' dir='ltr'><strong>maximis</strong></span> <span class='ocrx_word' id='word_1_216' title='bbox 1058 2901 1305 2950; x_wconf 84' lang='lat' dir='ltr'><strong>habentur</strong></span> <span class='ocrx_word' id='word_1_217' title='bbox 1328 2899 1473 2948; x_wconf 87' lang='lat' dir='ltr'><strong>hodie</strong></span> <span class='ocrx_word' id='word_1_218' title='bbox 1505 2899 1844 2961; x_wconf 80' lang='lat' dir='ltr'><strong>arithmeticiS,</strong></span> 
     </span>
    </p>
   </div>
  </div>
 </body>
</html>
