1982 3204
399 249 495 292 252
902 261 1279 295 OBJECTIONES

149 385 343 413 ommno
396 367 533 417 fuere
556 371 847 434 propositae:
884 372 1040 436 iisque
1065 388 1180 420 usus
1215 388 1337 430 sum,
1362 387 1463 419 non
1498 378 1553 419 ut
1576 387 1666 436 pro
1701 389 1788 420 no-

231 441 257 466 1.

149 485 338 507 b-f——ae

397 445 469 492 vis
508 446 829 506 venditarem,
872 448 956 495 sed
998 448 1177 511 partim
1219 454 1277 494 ut
1317 447 1556 495 lectorum
1601 448 1789 496 animos

394 536 717 584 praepararem
763 523 826 571 ad
871 540 949 571 res
989 523 1344 571 intellectuales
1392 523 1787 583 considerandas,

393 596 594 660 illasque
618 614 647 645 a
671 599 916 661 corporeis
942 598 1328 660 distinguendas,
1353 597 1416 645 ad
1440 598 1570 661 quod
1589 599 1788 647 omnino

393 674 681 722 necessariae
717 675 836 722 mihi
862 674 1121 729 videntur;
1159 674 1355 737 partim,
1381 681 1436 721 ut
1470 674 1533 721 ad
1569 674 1701 738 ipsas
1737 675 1788 722 in

393 749 709 810 sequentibus
737 749 1157 797 ,Meditationibus
1189 749 1567 812 responderem;
1604 758 1653 798 et
1676 766 1788 813 par-

392 823 481 870 tim
507 824 669 879 etiam,
689 833 745 872 ut
769 825 1073 873 ostenderem
1093 842 1238 888 quam
1263 827 1417 873 firmae
1442 826 1539 873 sint
1559 826 1788 874 veritates

392 914 511 960 quas
535 907 705 961 postea
729 916 966 963 propono,
992 900 1385 964 quandoquidem
1417 901 1478 948 ab
1503 901 1609 949 istis
1633 909 1787 949 meta-

389 974 603 1036 physicis
651 975 1037 1023 dubitationibus
1085 975 1371 1023 labefactari
1419 992 1519 1023 non
1565 985 1785 1039 possunt.

390 1049 562 1111 Itaque
586 1050 771 1097 nullam
796 1066 855 1097 ex
893 1066 1060 1097 earum
1098 1050 1383 1097 recensione
1423 1050 1617 1098 laudem
1655 1067 1787 1115 quae-

391 1124 506 1171 sivi:
543 1124 628 1172 sed
653 1141 750 1172 non
776 1132 894 1187 puto
921 1141 998 1172 me
1023 1125 1178 1188 magis
1213 1125 1344 1187 ipsas
1382 1126 1610 1174 omittere
1641 1135 1787 1190 potu-

389 1200 501 1257 isse,
528 1216 675 1262 quam
699 1200 952 1247 medicinae
976 1200 1184 1263 scriptor
1207 1201 1366 1248 morbi
1408 1201 1786 1265 descriptionem

391 1276 528 1338 cujus
554 1275 757 1323 curandi
781 1275 1067 1323 methodum
1091 1275 1197 1323 vult
1222 1275 1413 1323 docere.

915 1450 1179 1484 OBJECTIO
1206 1451 1267 1483 ΙΙ.

640 1552 714 1586 AD
739 1552 1182 1585 MEDITATIONEM
1210 1551 1533 1585 SECUNDAM.

719 1637 800 1685 De
818 1644 1000 1685 natura
1024 1637 1197 1684 mentis
1220 1637 1451 1684 humanae.

459 1733 577 1780 Sum
602 1748 685 1779 res
709 1731 943 1796 cogitans
962 1748 979 1777 .·
1011 1738 1162 1777 recte.
1235 1730 1363 1777 Nam
1388 1745 1447 1777 ex
1472 1745 1530 1776 eo
1548 1728 1682 1792 quod
1705 1744 1786 1777 co-

388 1808 510 1872 gito,
540 1809 639 1856 sive
663 1808 956 1871 phantasma
978 1807 1150 1864 habe0,
1176 1806 1276 1854 sive
1300 1805 1507 1869 vigilans
1532 1805 1632 1852 sive
1656 1821 1786 1853 som-

388 1884 544 1942 nianS,
587 1883 835 1946 colligitur
880 1882 1011 1946 quod
1049 1898 1156 1930 sum
1196 1882 1448 1945 cogitans:
1486 1881 1614 1928 idem
1651 1880 1783 1928 enim

389 1959 667 2022 significant
705 1958 869 2023 cogito
901 1965 950 2006 et
985 1974 1088 2005 sum
1130 1958 1379 2023 cogitans.
1449 1956 1524 2004 Ex
1566 1971 1624 2004 eo
1649 1955 1783 2019 quod

389 2051 495 2083 sum
534 2035 772 2098 cogitans,
809 2034 1029 2097 sequitur
1065 2049 1161 2098 ego
1203 2049 1345 2080 sum:
1394 2031 1508 2095 quia
1553 2031 1605 2079 id
1650 2031 1783 2094 quod

389 2110 591 2174 cogitat,
617 2126 715 2157 non
739 2117 811 2156 est
835 2108 972 2156 nihil.
1044 2108 1142 2156 Sed
1181 2109 1263 2156 ubi
1297 2107 1566 2170 subjungit,
1592 2106 1685 2154 hoc
1703 2113 1783 2155 est

389 2202 536 2244 mena,
577 2185 782 2242 animus,
820 2183 1114 2239 intellectu&
1150 2184 1301 2242 ratiO,
1326 2183 1481 2231 oritur
1518 2181 1780 2233 dubitatio.

387 2261 501 2309 Non
534 2261 665 2308 enim
688 2259 880 2307 videtur
910 2268 1045 2306 recta
1082 2259 1460 2322 argumentatio,
1486 2257 1650 2305 dicere
1686 2273 1782 2322 ego

387 2353 490 2384 snm
514 2336 759 2401 cogitans,
785 2351 909 2400 ergo
932 2350 1037 2381 sum
1059 2333 1298 2398 cogitatio
1313 2352 1330 2381 .·
1366 2348 1525 2396 neque
1556 2348 1650 2397 ego
1675 2349 1781 2380 sum

387 2411 690 2477 intelligens,
737 2426 861 2474 ergo
901 2425 1004 2456 sum
1049 2407 1346 2456 intellectus.
1430 2407 1559 2455 Nam
1606 2406 1779 2455 eodem

387 2487 532 2536 modo
557 2502 749 2550 possem
775 2485 935 2533 dicere
968 2500 1072 2531 sum
1104 2483 1375 2542 ambulans,
1399 2499 1523 2548 ergo
1551 2499 1656 2531 sum
1678 2500 1779 2531 am-

386 2563 588 2611 bulatio,
660 2562 817 2610 Sumit
841 2576 957 2623 ergo
983 2559 1041 2607 D.
1078 2558 1324 2606 Cartesius
1360 2558 1490 2606 idem
1529 2574 1632 2607 esse
1673 2575 1779 2607 rem

384 2639 738 2702 intelligentem
762 2645 812 2684 et
835 2633 1232 2692 intellectionem‚
1250 2650 1359 2698 quae
1377 2642 1450 2682 est
1474 2642 1614 2682 actus
1637 2634 1780 2683 intel-

383 2715 610 2779 ligentis:
638 2713 712 2761 vel
737 2712 912 2760 saltem
936 2710 1066 2759 idem
1091 2725 1195 2758 esse
1219 2726 1323 2758 rem
1347 2710 1705 2774 intelligentem
1729 2718 1779 2758 et

383 2790 701 2847 intellectum,
727 2789 808 2852 qui
833 2796 906 2836 est
930 2786 1150 2851 potentia
1186 2785 1521 2849 intelligentis.
1591 2785 1777 2834 Omnes

382 2874 547 2915 tamen
571 2863 845 2929 philosophi
870 2862 1179 2925 distinguunt
1214 2861 1491 2924 subjectum
1515 2878 1544 2910 a
1574 2861 1673 2909 suis
1709 2861 1776 2909 fa.-
