1982 3204
333 255 429 298 380
898 264 1163 298 ms'romA

388 373 650 419 Consilium:
684 373 756 417 sed
777 374 851 430 qui
872 381 1008 431 coget,
1030 374 1202 430 iniquus
1222 373 1316 416 erit.

330 442 413 483 Sec.
448 439 677 482 Haereticis
696 440 810 497 leges
831 441 911 483 tibi
933 456 1018 483 non
1039 440 1178 496 placet
1198 454 1286 482 esse
1307 439 1512 481 molestas.

386 506 605 548 Doctrinae
626 506 732 547 nulli
753 506 911 549 crimen
932 506 1068 548 inesse
1089 505 1246 561 putas?

331 572 449 626 Quas
469 572 613 622 caedes,
637 572 783 623 nescis,
807 588 942 629 nuper
962 572 1154 615 doctrina
1174 571 1356 613 nefanda

386 638 570 695 Egressa
591 637 759 682 Oxonio
781 638 1111 695 Cambrigiaque
1133 638 1283 680 dedit?

330 704 499 749 Occidit
520 705 716 749 carolum
738 705 928 748 doctrina
950 704 1212 747 Academica
1231 704 1411 761 Regem,

386 771 635 827 Multosque
656 771 841 829 insignes
862 771 1084 814 nobilitate
1106 770 1229 813 viros.
1607 771 1716 810 1160

329 836 510 880 Necnon
532 837 711 880 Henrici
732 838 922 881 doctrina
943 836 1186 880 Pontificali

387 902 608 946 Gallorum
628 919 748 960 reges
769 905 1003 946 occubuere
1024 903 1119 945 duo.

329 968 486 1012 Curam
509 969 583 1025 qui
603 970 717 1026 pacis
738 969 923 1026 suscepit
942 984 1111 1024 cunque
1132 967 1315 1018 tuendae,

385 1034 621 1077 Doctorum
642 1035 758 1078 duris
778 1035 944 1092 legibus
965 1050 1037 1077 ora
1057 1040 1234 1090 premat.

328 1101 406 1143 Pr.
440 1100 557 1154 Quid
577 1101 718 1156 potuit
737 1100 927 1143 doctrina
947 1100 1047 1142 mali
1068 1115 1121 1142 ex
1141 1099 1220 1142 hoc
1239 1105 1427 1155 tempore
1443 1097 1542 1148 vidi,

384 1167 444 1209 Et
464 1167 551 1210 vidi
570 1167 686 1223 leges
707 1182 835 1222 quam
855 1166 1025 1208 valuere
1045 1181 1205 1222 parum.

327 1233 493 1276 Infecto
514 1233 586 1276 sed
607 1248 699 1275 sera
719 1232 835 1275 venit
857 1231 1064 1274 medicina
1083 1230 1252 1287 popello

384 1299 551 1349 Mult03
584 1298 671 1354 qui,
693 1313 787 1354 quac
807 1304 908 1340 sunt
928 1297 1142 1354 principis,
1164 1311 1280 1339 arma
1298 1302 1427 1339 tenet.

326 1365 438 1422 Regi
458 1365 527 1408 cui
547 1380 730 1421 praesens
750 1380 835 1406 non
856 1370 921 1407 est
941 1363 1165 1414 exercitus,
1181 1362 1256 1413 illi,

385 1433 470 1475 Seu
491 1431 586 1474 vult
606 1446 680 1473 seu
700 1446 784 1473 non
805 1430 911 1480 vult,
929 1429 1085 1473 ensifer
1105 1435 1170 1471 est
1189 1427 1383 1485 populus,
1606 1429 1714 1470 1170

328 1498 394 1541 Ut
413 1498 475 1540 nil
495 1498 551 1541 sit
571 1497 685 1553 quod
705 1503 834 1554 agant
853 1496 982 1554 leges.
1044 1495 1168 1538 Nihil
1189 1501 1254 1537 est
1273 1495 1557 1538 resecandum.

384 1564 559 1621 Optima
578 1563 820 1606 demulcens
842 1570 906 1606 est
932 1561 1139 1605 medicina
1157 1576 1321 1603 manus.

326 1631 488 1688 Exigat
508 1631 560 1673 ad
580 1631 695 1687 leges
715 1645 874 1686 pacem,
896 1628 1086 1671 convicia
1106 1627 1229 1670 tollat

382 1697 491 1740 Rex.
552 1696 762 1739 Dubitare
782 1702 902 1752 potes
925 1694 1030 1750 quin
1052 1693 1205 1736 Schola
1223 1691 1396 1735 inermis
1416 1691 1530 1735 erit?

327 1763 490 1806 Caetera
511 1762 566 1805 sit
586 1762 770 1805 calamus
789 1762 910 1811 liber,
933 1760 988 1803 sit
1007 1759 1140 1802 libera
1159 1758 1331 1815 lingua:

386 1828 433 1872 Si
452 1844 589 1872 mores
610 1828 757 1871 saltem
778 1843 864 1870 non
884 1827 1008 1869 docet
1027 1825 1099 1867 illa
1118 1824 1263 1867 malos.

327 1896 423 1938 Non
443 1895 633 1951 loquitur
653 1894 798 1936 Pietas
818 1892 1031 1950 perplexa.
1090 1889 1180 1934 Sed
1200 1889 1447 1932 insidiarum

386 1961 564 2018 Signum
586 1976 671 2004 non
690 1959 821 2002 fallax
841 1965 908 2002 est
927 1958 1149 2001 tenebrosa
1168 1955 1341 2012 phrasis.

325 2028 442 2071 Nam
463 2027 655 2072 Christus
674 2027 750 2068 lux
772 2032 837 2069 est
855 2042 863 2067 :
897 2025 950 2067 ad
970 2039 1067 2067 eum
1087 2022 1356 2066 venientibus
1375 2021 1464 2078 ipse

382 2095 626 2137 Praelucens
645 2093 756 2136 claro
776 2091 937 2134 lumine
959 2095 1165 2132 monstrat
1184 2088 1277 2131 iter.
1603 2090 1712 2128 1180

324 2161 553 2218 Numquid
573 2160 728 2204 divinae
750 2165 851 2202 sunt
870 2173 966 2215 pars
987 2157 1212 2213 aenigmata
1231 2154 1350 2212 legis,

383 2228 616 2285 Ingeniove
637 2227 748 2270 salus
769 2232 833 2269 est
852 2223 1078 2268 tribuenda
1096 2222 1223 2265 meo?

327 2294 563 2351 (Edipodas
584 2294 692 2337 solos
713 2292 933 2336 salvandos
954 2290 1162 2334 credimus
1182 2287 1300 2331 esse?

384 2361 482 2403 Aut
504 2360 661 2404 Christi
681 2366 838 2403 tenerae
864 2357 1052 2414 Sphinge
1072 2361 1275 2412 regentur
1294 2353 1425 2396 oves?

328 2427 394 2470 At
413 2427 623 2484 Sphinges
643 2431 863 2481 nequeunt
882 2423 1109 2480 aenigmata
1125 2420 1409 2464 Conciliorum

383 2493 623 2535 Primorum
645 2500 829 2548 quatuor
848 2490 1009 2532 solvere
1029 2487 1143 2530 mille
1163 2486 1320 2529 decem.

327 2559 417 2603 Cur
436 2558 526 2615 agit
545 2573 659 2615 ergo,
681 2563 818 2614 putas,
840 2555 1007 2597 Nicena
1027 2552 1219 2596 Ecclesia
1241 2551 1488 2609 Sphingem,

386 2625 432 2669 Si
452 2640 536 2667 non
557 2631 607 2667 ut
626 2624 748 2667 tollat
768 2622 938 2678 regibus
958 2619 1216 2677 imperium?

327 2691 512 2736 Sustulit
530 2690 767 2747 imperium,
788 2703 934 2745 passus
953 2702 1037 2729 non
1057 2684 1200 2728 debita
1213 2685 1312 2741 jura

383 2756 760 2801 Constantinorum
781 2753 941 2811 primus
967 2752 1122 2794 habere
1143 2750 1304 2792 Patres.
1599 2751 1711 2791 1190

325 2824 432 2866 Inde
454 2839 550 2866 suos
570 2822 752 2879 populus
772 2819 902 2876 eoepit
922 2825 1191 2862 contemnere
1212 2832 1346 2874 roges,

381 2889 609 2933 Portantes
631 2904 714 2932 una
735 2885 984 2930 Pontificalc
999 2885 1165 2941 jugum.
