1982 3204
521 335 634 370 Lux
662 323 1493 369 MATHEMATICA.115

107 463 217 512 quae
240 447 302 495 ab
339 447 563 496 omnibus
601 446 953 508 intelliguntur
1025 443 1152 491 Nam
1190 443 1495 490 characteres
1513 457 1777 484 com-novan-

106 523 177 572 1111
193 523 374 571 occulti
388 524 563 587 quibus
583 522 753 570 crebro
772 518 1198 574 utiturWallisius‚
1210 518 1495 580 mysterium
1548 558 1554 567 .
1585 512 1649 537 ⁸¹*
1669 511 1739 566 'vx

107 613 214 646 esse
236 597 466 646 videntur
488 597 814 660 ignorantiam
838 594 1049 643 hominis
1074 593 1420 651 nescientibus,
1446 602 1497 641 et

107 673 373 736 procedere
388 673 450 720 ab
466 671 731 720 ambitione
747 669 987 734 cupientis
1007 668 1160 716 videri
1176 668 1307 731 apud
1322 669 1495 731 vulgus

108 749 229 797 artis
253 749 454 812 magicae
478 763 577 795 non
603 746 874 810 imperitus.

541 894 972 930 CONTROVERSIA
1010 895 1062 928 V.

177 975 259 1024 De
272 980 472 1039 puncto,
498 973 560 1021 de
584 973 893 1038 longitudine
910 972 1019 1021 Sine
1043 971 1310 1020 latitudine
1325 989 1342 1018 .·
1367 976 1417 1018 et
1434 987 1498 1018 an

109 1049 323 1115 angulus
339 1048 639 1097 semicirculi
661 1049 728 1096 sit
750 1054 931 1096 rectus,

176 1125 417 1174 Punctum
440 1124 689 1172 Wallisius
713 1124 817 1171 sine
840 1123 1114 1186 quantitate
1139 1138 1260 1182 esse,
1285 1139 1375 1170 nec
1393 1130 1496 1170 tan-

108 1207 215 1250 tum
236 1199 515 1258 indivisum,
540 1198 626 1247 sed
649 1198 792 1262 plane
819 1198 1128 1256 indivisibile,
1149 1207 1200 1245 et
1234 1198 1356 1245 nihil
1393 1213 1497 1245 esse

109 1274 261 1330 dicit;
296 1282 347 1322 et
376 1282 636 1338 propterea
659 1289 762 1321 esse
798 1273 976 1321 lineam
1002 1289 1193 1337 quoque
1232 1272 1499 1336 longitudi-

107 1366 223 1399 nem
245 1350 351 1399 sine
372 1349 630 1398 latitudine
651 1368 662 1396 :
687 1348 833 1407 unde,
854 1357 909 1396 ut
932 1349 1052 1396 mihi
1076 1348 1272 1412 quidem
1288 1348 1498 1406 videtur,

108 1441 245 1490 aeque
267 1442 326 1474 ac
350 1433 586 1489 punctum
610 1425 731 1473 nihil
757 1441 860 1472 esse
885 1426 1118 1489 sequitur.

178 1500 455 1550 Hobbesius
485 1509 721 1564 punctum
754 1501 949 1564 signum
977 1517 1084 1549 esse
1121 1501 1241 1549 dicit
1275 1500 1499 1548 indicans

109 1576 320 1635 initium,
343 1577 506 1635 finem,
531 1575 607 1623 vel
631 1575 845 1623 medium
869 1575 1204 1638 longitudinis,
1223 1583 1272 1624 et
1295 1574 1500 1638 proinde

109 1651 316 1710 visibile,
340 1660 390 1699 et
424 1667 514 1714 per
552 1666 854 1714 consequens
892 1650 1132 1698 divisibile
1170 1657 1220 1699 et
1243 1658 1495 1714 quantum.

108 1727 183 1776 Ex
207 1743 303 1791 quo
326 1726 636 1775 manifestum
659 1734 734 1774 est
758 1726 905 1774 etiam
928 1726 1108 1774 lineam
1127 1726 1306 1774 habere
1331 1726 1499 1773 latitu-

110 1801 276 1851 dinem
312 1802 616 1861 divisibilem,
655 1810 705 1851 et
745 1802 938 1865 signum
976 1818 1170 1866 quoque
1210 1818 1316 1850 esse
1356 1802 1498 1860 initii,

111 1877 240 1938 finis,
265 1887 316 1927 et
339 1878 486 1926 medii
509 1878 559 1925 in
588 1878 858 1942 superficie.
929 1878 1027 1926 Sed
1063 1894 1220 1942 neque
1253 1878 1499 1942 quantit-a-

113 1961 214 2004 tem
253 1954 439 2018 puncti,
478 1970 638 2017 neque
675 1953 986 2002 latitudinem
1025 1954 1167 2002 lineae
1203 1953 1499 2001 considerari

114 2028 291 2079 debere
306 2030 356 2078 in
372 2029 804 2087 demonstratione,
821 2029 903 2076 ubi
919 2036 1264 2092 comparantur
1280 2029 1498 2090 ejusdem

112 2105 306 2170 generis
329 2106 642 2169 quantitates.
683 2105 788 2168 Ego
812 2120 928 2152 vero
955 2105 1207 2152 Hobbesio
1231 2105 1499 2153 consentio.

113 2181 310 2245 Alioqui
328 2182 457 2230 enim
482 2180 809 2229 necessarium
827 2180 947 2228 mihi
970 2187 1111 2239 esset,
1128 2196 1432 2243 quaecunque
1451 2187 1501 2227 et

114 2264 544 2320 quantumcunque
568 2255 782 2303 difficilia
806 2255 1185 2304 demonstranda
1205 2256 1377 2312 habeo,
1397 2256 1501 2303 sine

116 2331 467 2396 diagrammate
492 2331 843 2380 demonstrare.
914 2332 1042 2379 Nam
1066 2332 1218 2380 lineas
1250 2331 1354 2379 sine
1390 2331 1500 2378 lati-

114 2407 284 2457 tudine
305 2424 396 2456 nec
421 2407 599 2456 ducere
622 2423 713 2455 nec
731 2407 988 2471 imaginari
1010 2407 1241 2471 possibile
1265 2415 1354 2455 est.
1418 2407 1499 2454 Se-

117 2482 294 2543 cundo,
317 2483 544 2532 Euclides
571 2483 702 2544 (Des.
723 2490 769 2531 5.
788 2483 996 2545 Elem.v)
1024 2483 1263 2531 rationem
1290 2483 1419 2530 inter
1450 2498 1501 2530 se

115 2557 294 2607 habere
316 2566 465 2622 negat
487 2559 785 2622 quantitates
809 2558 932 2617 illas,
955 2574 1162 2621 quarum
1189 2558 1345 2606 altera
1381 2558 1501 2605 alte-

116 2648 223 2682 ram
245 2634 555 2697 quantumvis
579 2633 901 2697 multiplicata
930 2649 1159 2696 superare
1191 2650 1291 2681 non
1323 2640 1502 2696 potest,

118 2707 205 2756 sed
226 2723 331 2757 esse
355 2708 533 2757 diversi
555 2709 748 2773 generis
781 2708 1095 2772 quantitates.
1163 2709 1304 2756 Tales
1337 2717 1501 2756 autem

119 2789 233 2831 sunt
252 2782 508 2847 longitudo
531 2792 582 2833 et
616 2784 911 2848 superficies.
984 2784 1127 2832 Unde
1164 2784 1399 2847 sequitur,
1425 2798 1502 2830 ar-

118 2866 404 2921 gumentum
427 2874 570 2907 omne
593 2875 623 2907 a
640 2859 770 2906 linea
793 2858 856 2906 ad
875 2859 1181 2921 superficiem
1205 2875 1308 2906 esse
1332 2857 1502 2905 invali-

121 2931 254 2981 dum.
323 2932 451 2992 Scio,
475 2933 526 2982 in
562 2932 888 2983 minutissimo
911 2933 1364 2997 parallelogrammo
1400 2932 1503 2979 lon-

1286 3022 1302 3055 1
1328 3023 1348 3053 2
