1982 3204
0 2314 5 2318 ¹
0 2073 14 2292 *va-.qv=-·-=.-⁴1,==.t.

715 704 1111 753 PRAEFATIO

333 965 801 1020 MERSENNI
852 966 1486 1022 BALLISTICAM.

215 1294 342 1344 Cum
371 1295 445 1355 (in
470 1311 611 1359 prop.
635 1295 751 1343 xxiv
776 1295 1143 1356 BALLis'rch-z)
1170 1296 1313 1360 plura
1330 1297 1475 1360 juxta
1497 1296 1607 1344 sub-

215 1370 425 1419 tilissimi
446 1370 724 1434 philosophi
747 1371 951 1419 Thomae
977 1372 1180 1419 Hobbes
1203 1372 1531 1431 attulerimus,
1554 1379 1607 1420 et

214 1446 451 1509 quasdam
475 1446 795 1510 philosophiae
814 1463 960 1510 quam
978 1455 1184 1496 exornat
1202 1456 1366 1511 partes
1386 1447 1605 1511 legerim,

211 1537 324 1585 quae
342 1522 508 1570 omnia
522 1522 624 1570 fere
639 1538 728 1585 per
742 1532 931 1570 motum
956 1523 1163 1571 localem
1181 1523 1445 1587 explicant,
1459 1522 1607 1571 velim

212 1597 361 1646 etiam
400 1596 583 1646 addere
623 1598 823 1646 modum
859 1614 958 1662 quo
991 1607 1273 1647 nostrarum
1314 1598 1607 1647 facultatum

211 1673 522 1737 operationes
557 1689 619 1720 ex
657 1673 832 1721 eodem
863 1682 1002 1722 motu
1038 1674 1313 1722 concludit:
1355 1681 1412 1723 ut
1450 1674 1608 1723 lector

212 1749 478 1812 perspiciat
511 1765 629 1797 num
657 1766 976 1814 quaecumque
1007 1750 1132 1799 fiunt
1159 1750 1211 1798 in
1245 1750 1388 1798 nobis
1418 1749 1482 1798 ad
1505 1750 1606 1798 vim

211 1823 517 1872 ballisticam
551 1825 722 1872 referri
755 1834 977 1888 possunt,
1000 1834 1057 1874 ut
1091 1826 1286 1889 objecta
1318 1842 1407 1890 per
1436 1841 1607 1874 sensus

211 1900 478 1949 exteriores
519 1900 757 1949 irruentia
787 1908 862 1949 tot
893 1901 1070 1964 jaculis
1102 1910 1222 1966 quot
1261 1902 1476 1950 motibus
1516 1918 1607 1950 nos

213 1975 466 2040 impetere,
489 1975 681 2040 hucque
704 1984 754 2025 et
776 1976 891 2024 illuc
923 1977 1171 2040 impellere
1194 1977 1471 2036 videantur,
1494 1993 1606 2041 per-

210 2059 510 2115 petuamque
536 2051 834 2100 ballistia-am
861 2060 1138 2101 exerceant.

280 2127 486 2175 Certum
518 2135 592 2175 est
626 2128 757 2175 enim
787 2128 894 2176 fieri
931 2128 1206 2176 sensionem
1235 2144 1325 2192 per
1358 2128 1605 2176 actionem

212 2202 517 2266 objectorum
535 2203 586 2250 in
606 2219 792 2267 organa
814 2203 1078 2252 sentiendi:
1096 2220 1304 2268 cumque
1327 2204 1487 2252 sensio
1502 2212 1605 2252 tam

212 2279 458 2334 actionem
481 2294 630 2342 quam
653 2279 931 2342 passionem
953 2287 1144 2343 arguat,
1162 2295 1283 2343 quas
1306 2280 1388 2327 vix
1411 2296 1442 2328 a
1464 2279 1605 2328 moti-

212 2353 307 2403 bus
329 2353 616 2418 distinguas,
640 2354 801 2402 sensio
830 2354 1024 2403 definiri
1051 2363 1214 2419 potest
1236 2361 1391 2403 motus
1414 2355 1464 2403 in
1477 2370 1605 2420 par-

213 2427 344 2478 tibus
367 2429 578 2478 internis
599 2430 855 2478 sentientis
879 2430 943 2478 ab
965 2430 1147 2494 objecti
1168 2437 1300 2479 motu
1323 2431 1375 2478 in
1402 2430 1605 2496 agentis

214 2504 435 2551 sensorio
457 2505 671 2567 ffectus.
745 2506 826 2554 Sic
849 2506 998 2554 etiam
1021 2506 1145 2555 visio
1169 2507 1227 2554 fit
1241 2522 1272 2555 a
1293 2514 1431 2555 motu
1455 2505 1605 2554 lucidi

214 2588 486 2642 propagato
502 2596 592 2643 per
610 2581 911 2645 diaphanum
931 2581 1292 2642 intermedium,
1311 2591 1364 2630 et
1379 2582 1603 2630 continu-

215 2660 299 2700 ato
312 2668 402 2716 per
415 2654 612 2704 oculum
626 2655 691 2704 ad
711 2657 928 2705 tunicam
947 2657 1173 2715 retinam,
1189 2666 1242 2706 et
1265 2657 1498 2721 deinceps
1515 2671 1605 2721 per

214 2742 419 2777 nervum
459 2730 676 2792 optinum
714 2731 767 2779 in
803 2732 1022 2796 spiritus,
1050 2732 1198 2796 idque
1224 2748 1323 2781 non
1358 2732 1516 2781 solum
1551 2732 1603 2779 in

217 2802 437 2862 cerebro,
460 2803 547 2852 sed
569 2805 718 2854 etiam
739 2821 894 2871 usque
915 2806 980 2856 ad
1003 2822 1106 2867 cor,
1123 2807 1188 2856 ob
1210 2807 1362 2857 totius
1385 2806 1605 2872 corporis

216 2893 391 2935 miram
414 2894 784 2932 connexionem.
