1982 3204
272 230 386 279 cviii

311 348 474 392 princeps,
501 347 530 381 si
556 359 669 392 pacem
690 348 929 383 incommodam
954 356 1044 384 metu

313 392 437 431 fecerit,
452 392 624 424 observare
639 392 747 425 debet.
762 393 811 426 iii.
829 398 899 427 109.

313 437 349 466 de
364 438 453 476 paris
479 437 671 467 mediatorum
693 438 902 476 incolumitate,
916 437 971 470 lex
986 448 1044 470 na-

313 483 397 510 turae
427 478 554 511 decima
582 485 702 520 quarta.
731 479 765 512 ii.
799 484 855 513 191
867 480 1045 514 2—decima

314 524 428 562 quinta.
442 521 489 554 iii.
509 526 578 555 120.

313 565 354 596 ab
370 564 557 597 hominibus
580 575 694 608 pacem
718 565 918 605 ineuntibus,
942 567 1045 599 multa

307 608 386 650 jura
400 607 584 641 retinentur
598 609 794 649 communia,
810 610 913 642 multa
932 610 1043 653 acqui-

312 656 431 683 runtur
445 662 504 694 pro
528 652 586 684 ria.
602 651 635 684 ii.
655 656 724 685 189.

313 704 387 736 quae
399 700 503 727 sunta
535 706 647 738 pacem
660 695 774 728 media.
783 695 816 728 ii.
832 699 901 730 197.
912 696 958 729 iii.
973 701 1042 728 122.

312 736 354 769 ad
369 748 482 780 pacem
497 738 685 771 diuturnam
709 749 775 771 non
798 739 877 771 satis
892 745 1043 772 constans

311 785 362 812 est
375 781 549 813 concordia
562 781 748 814 multorum.
764 782 797 814 ii.
811 787 870 814 211
882 783 975 815 z—ad
986 794 1042 825 pa—

311 834 382 855 cem
396 829 429 856 et
442 824 601 856 auxilium
615 830 765 857 mutuum
781 825 838 868 qui
851 826 951 857 semel
965 837 1043 858 con—

311 867 484 906 senserint,
499 878 540 900 ne
561 868 681 900 iterum
697 868 892 902 dissentiant
915 875 1044 912 oportet

310 915 349 942 ut
363 916 453 943 metu
467 911 714 954 prohibeantur.
730 911 809 944 ibid.

310 953 352 985 ad
365 964 478 996 pacem
491 954 660 986 hominum
670 954 850 997 requiritur
866 965 931 987 non
946 955 1044 988 modo

309 997 491 1036 consensio,
508 997 566 1029 sed
581 997 678 1029 etiam
698 998 786 1030 unio.
800 998 834 1030 ii.
851 999 1042 1042 213:-paci

308 1041 493 1073 necessaria
507 1046 557 1073 est
571 1041 738 1073 securitas..
753 1041 786 1073 ii.
799 1046 872 1074 219.

311 1082 352 1114 ad
401 1094 490 1116 acem
515 1089 549 1116 et
576 1083 800 1116 defensionem
826 1095 1042 1125 communem,

311 1126 368 1168 qui
406 1127 559 1169 pertinet.
577 1126 611 1158 ii.
627 1131 701 1159 222.

311 1179 497 1212 quanquam
512 1180 591 1220 pace
607 1180 720 1202 omnes
737 1170 908 1213 aequaliter
931 1171 1042 1204 fruan-

310 1217 374 1251 tur,
390 1213 548 1246 beneficia
559 1218 668 1245 tamen
684 1224 703 1245 a
716 1224 796 1256 pace
811 1224 877 1246 non
892 1215 1043 1248 omnibus

311 1256 451 1298 aequalia
465 1262 551 1289 sunt.
566 1256 600 1288 ii.
613 1260 688 1288 304.

310 1298 375 1330 nisi
397 1299 432 1331 in
456 1299 585 1341 magnis
600 1299 786 1332 civitatibus
812 1300 954 1333 inveniri
976 1312 1043 1334 non

311 1342 402 1375 solet.
415 1342 461 1375 iii.
477 1346 541 1375 490
549 1343 716 1384 :-—genuit
731 1343 844 1375 otium.
859 1343 938 1377 ibid.

267 1384 452 1418 PAZZI—et
476 1383 628 1429 spiritati,
644 1386 691 1418 sic
707 1386 804 1418 hodie
819 1387 897 1419 Itali
910 1387 1043 1421 insanos

310 1435 435 1461 vocant.
451 1429 498 1462 iii.
511 1433 561 1462 61.

265 1470 614 1515 Pacca'rnM—legem
643 1472 906 1515 transgrediendi
935 1474 1042 1507 inten-

310 1514 365 1548 tio.
388 1515 437 1548 iii.
456 1515 767 1558 210:—imaginatio
793 1516 846 1549 vel
870 1519 1040 1561 concupis-

309 1558 418 1591 centia
442 1559 520 1598 sola,
536 1570 602 1591 non
633 1565 683 1592 est
708 1565 887 1602 peccatum.
902 1561 981 1594 ibid.
991 1575 1043 1594 :—

308 1612 376 1634 non
389 1613 485 1634 omne
499 1607 669 1645 peccatum
683 1603 807 1635 crimen
822 1609 883 1636 est.
898 1604 976 1637 ibid.

309 1650 344 1677 et
372 1645 508 1684 crimen,
536 1646 699 1688 quomodo
725 1646 966 1689 distinguenda.
993 1647 1040 1680 iii.

308 1692 383 1728 211,
405 1692 465 1722 547
475 1689 585 1721 2-ubi
613 1689 670 1721 lex
688 1699 755 1721 non
784 1696 844 1730 est,
873 1696 1041 1733 peccatum

308 1742 375 1764 non
391 1738 450 1765 est.
465 1732 511 1764 iii.
529 1736 601 1764 211.

308 1780 478 1817 peccatum
493 1781 543 1808 est
557 1775 715 1818 quicquid
730 1776 804 1819 quis
829 1776 945 1810 feeerit
964 1788 1040 1810 con-

308 1824 361 1850 tra
375 1818 618 1851 conscientiam.
630 1819 664 1852 ii.
677 1823 739 1852 286
748 1820 885 1852 2-11ihi1
895 1826 945 1853 est
956 1831 1039 1863 prae-

308 1866 360 1893 ter
390 1862 683 1904 transgressionem
708 1862 802 1906 legis.
827 1863 876 1897 iii.
906 1868 1040 1904 210-11,

308 1948 398 1990 quod
413 1948 492 1980 oiim
515 1953 692 1981 tenuerunt
707 1949 820 1988 Stoici,
838 1956 964 1992 peccata
978 1963 1039 1983 om-

307 1993 360 2023 m'a
375 2004 434 2023 esse
448 1994 585 2033 oequalia,
600 1992 719 2024 falsum
735 1998 793 2025 est.
805 1993 853 2026 iii.
867 1997 940 2026 215.

302 2035 435 2077 justitia
458 2040 491 2067 et
517 2035 659 2068 charitas
686 2035 881 2078 quibusdam
896 2037 1038 2080 appella-

307 2083 350 2110 tae
360 2084 486 2120 peccata
497 2080 660 2119 splendida.
675 2078 708 2110 ii.
729 2083 798 2112 122.

307 2121 364 2171 qui
379 2127 511 2172 peccata
526 2132 585 2153 sua
599 2122 781 2154 condonata
795 2133 876 2162 esse,
892 2127 926 2156 et
941 2134 975 2156 se
986 2135 1038 2156 re-

306 2175 455 2207 S1pu1sse,
467 2175 527 2207 pro
539 2171 629 2197 certo
644 2165 777 2205 habent,
789 2177 890 2208 quare
901 2167 1038 2200 ulterius

306 2207 418 2240 dolere
446 2218 514 2240 non
538 2214 684 2251 possunt.
709 2208 743 2241 ii.
771 2213 1039 2252 125z—peccator

305 2250 396 2284 dolet
419 2251 594 2294 aliquando
615 2251 888 2294 quemadmodum
915 2264 1037 2286 merca-

305 2299 367 2334 tor,
384 2294 442 2337 qui
455 2302 512 2326 aut
527 2305 561 2326 se
576 2301 632 2327 aut
645 2295 829 2327 mercedem
844 2307 935 2328 suam
950 2297 1037 2340 peri-

305 2341 414 2369 turam
430 2348 500 2369 esse
516 2337 613 2370 videt.
629 2337 708 2371 ibid.

302 2386 511 2423 peccatorum
545 2392 617 2413 oena
627 2386 752 2413 aeterna
762 2381 916 2422 infirmat,
927 2388 965 2415 ut
977 2394 1037 2426 pu·

302 2428 374 2455 tant
391 2423 503 2466 aliqui,
541 2435 635 2466 egem
658 2430 794 2463 naturae,
819 2425 907 2468 quod
932 2437 1037 2469 poenae

300 2466 449 2499 futurum
471 2472 599 2499 tantum
622 2473 779 2510 spectent.
801 2467 835 2500 ii.
854 2472 917 2501 203
925 2469 1035 2502 :-—ob-

295 2509 436 2552 jectioni
448 2509 498 2542 illi
512 2510 690 2552 responsio.
703 2509 784 2543 ibid.

956 248 1153 282 INDEX.

1110 351 1236 395 peccati
1249 351 1406 384 definitio.
1421 351 1455 385 ii.
1464 356 1527 385 324
1535 362 1655 385 :—non
1669 363 1765 386 omne
1778 353 1846 387 fac-

1111 402 1181 427 tum
1197 401 1311 427 contra
1325 401 1448 428 rectam
1465 396 1635 436 rationem,
1658 396 1715 428 sed
1737 399 1847 430 malun-

1111 441 1203 480 culpoe
1218 444 1354 471 tantum.
1374 438 1452 471 ibid.
1464 439 1604 489 z—quod
1627 439 1701 482 quis
1721 439 1846 480 fecerit,

1111 481 1163 513 vel
1178 481 1335 521 omiserit,
1347 482 1398 514 vel
1408 482 1548 514 voluerit
1562 489 1676 515 contra
1686 483 1846 516 rationem

1111 525 1262 557 civitatis.
1281 524 1315 558 ii.
1331 525 1486 558 3252—id
1501 525 1588 568 quod
1606 532 1722 558 contra
1739 526 1847 570 legem

1111 568 1292 600 naturalem
1307 568 1427 600 factum
1443 574 1501 600 est.
1517 568 1564 600 iii.
1580 573 1651 602 548.

1112 611 1295 643 differentia
1309 611 1396 643 inter
1410 618 1578 654 peccatum
1592 611 1804 653 infirmitatis,
1813 618 1848 647 et

1113 654 1279 686 malitiam.
1296 654 1330 686 ii.
1343 658 1418 687 325.

1113 697 1266 730 Servator
1281 703 1392 730 noster
1406 708 1471 730 non
1486 697 1534 730 ita
1578 709 1615 730 ro
1630 699 1772 742 peccatis
1786 699 1847 732 ho-

1111 741 1236 772 minum
1262 741 1354 773 Patri
1380 751 1439 773 suo
1468 741 1547 773 satis
1561 741 1636 780 ecit,
1659 747 1696 775 ut
1718 742 1847 785 punitio

1111 794 1223 816 eorum
1238 791 1373 827 propter
1387 795 1459 816 eam
1473 795 1543 816 rem
1557 785 1680 828 injusta
1694 786 1847 820 esseaiii.

1109 875 1243 913 peccata
1256 870 1446 903 remittendi
1461 876 1494 903 et
1513 871 1678 904 retinendi
1691 877 1847 915 potestas,

1110 914 1205 956 regni
1220 914 1360 946 coelestis
1382 914 1500 947 claves.
1521 914 1567 947 iii.
1582 919 1645 948 366
1653 916 1848 949 z—cohoeret

1110 967 1184 988 cum
1200 957 1398 990 authoritate
1413 957 1608 1008 baptizandi.
1623 958 1670 990 iii.
1686 962 1760 992 367.

1132 1005 1316 1032 eccatorum
1331 1001 1492 1033 absolutio
1506 1001 1731 1044 poenitentiam
1745 1001 1847 1034 simu·-

1108 1011 1264 1082 fantibus,
1279 1055 1345 1076 non
1360 1044 1401 1076 ad
1423 1044 1560 1077 salutem
1583 1044 1642 1076 sed
1656 1044 1698 1077 ad
1719 1045 1847 1088 peceati

1110 1086 1375 1129 aggravationem
1392 1087 1488 1120 valet.
1504 1087 1550 1120 iii.
1568 1091 1642 1121 367.

1111 1130 1198 1172 quod
1214 1130 1362 1172 legimus,
1373 1133 1505 1172 peccatis
1518 1133 1550 1162 in
1564 1134 1763 1164 caismortnoe
1776 1143 1845 1172 σου,

1111 1173 1190 1215 quid
1204 1173 1282 1206 vult.
1297 1174 1344 1206 iii.
1360 1178 1433 1207 384.

1110 1222 1255 1259 potestas
1291 1224 1426 1260 peccata
1461 1217 1696 1260 poenitentibus
1731 1218 1846 1251 remit-

1110 1259 1212 1299 tendi,
1241 1270 1307 1292 non
1337 1260 1571 1303 poenitentibus
1600 1261 1774 1300 retinendi,
1803 1261 1846 1294 ad

1109 1309 1256 1344 pastores
1279 1310 1413 1346 spectat,
1435 1310 1580 1346 potestas
1594 1303 1635 1336 de
1653 1304 1847 1347 poenitentia

1106 1346 1278 1389 judicandi
1300 1347 1342 1379 ad
1361 1347 1541 1379 ecclesiam.
1556 1347 1592 1379 ii.
1606 1351 1846 1392 401-52—pee-

1110 1395 1183 1422 eata
1208 1389 1396 1422 remittendi
1420 1396 1454 1423 et
1474 1390 1638 1423 retinendi
1660 1396 1805 1434 potestas
1825 1402 1847 1424 a

1111 1432 1244 1466 Christo
1274 1433 1392 1466 futuris
1421 1434 1607 1476 pastoribus
1631 1434 1708 1467 data
1730 1434 1846 1467 eodem

1109 1476 1206 1508 modo
1222 1487 1287 1519 quo
1306 1476 1524 1526 praesentibus
1538 1477 1702 1520 apostolis.
1717 1477 1752 1511 ii.
1765 1481 1826 1511 401
1835 1491 1845 1511 ι

1108 1525 1295 1562 —potestas
1310 1520 1377 1559 illa,
1391 1531 1457 1563 quo
1472 1526 1607 1563 spectat.
1622 1520 1656 1554 ii.
1670 1525 1744 1555 431.

1133 1563 1189 1595 uid
1215 1563 1259 1595 sit
1285 1569 1418 1606 peccata
1445 1563 1613 1596 remittere
1637 1569 1671 1597 et
1693 1563 1845 1605 retinere,

1108 1573 1244 1638 dubium
1270 1612 1328 1639 est.
1352 1607 1387 1639 ii.
1401 1607 1689 1650 4012—baptizato
1713 1613 1749 1640 et
1768 1619 1847 1641 vere

1107 1649 1279 1692 poenitenti
1293 1650 1445 1689 retinere,
1457 1655 1570 1682 contra
1582 1656 1714 1694 pactum
1729 1651 1846 1684 Testa-

1110 1693 1213 1725 menti
1223 1693 1319 1732 Novi,
1325 1704 1391 1726 non
1400 1693 1571 1736 poenitenti
1580 1694 1758 1734 remittere,
1766 1705 1845 1728 oon·

1110 1741 1162 1768 tra
1174 1735 1374 1769 voluntatem
1389 1737 1454 1769 Dei
1469 1737 1608 1770 videtur.
1623 1736 1658 1770 ii.
1673 1741 1747 1770 402.

1133 1785 1278 1812 eccatum
1294 1780 1358 1812 sibi
1380 1780 1614 1823 poenitentibus
1635 1781 1748 1814 statim
1765 1791 1845 1814 oon-

1109 1790 1297 1855 sonandum
1312 1834 1383 1855 esse
1398 1823 1548 1856 homines
1563 1823 1764 1863 existimant,
1779 1824 1844 1857 nisi

1108 1876 1182 1898 cum
1195 1866 1314 1898 damno
1322 1866 1465 1899 civitatis
1474 1867 1694 1910 conjunctum.
1705 1867 1755 1900 iii.
1765 1871 1827 1902 548
1834 1881 1844 1901 t

1107 1914 1184 1942 ——et
1199 1914 1286 1949 tunc,
1303 1916 1464 1952 quatenus
1478 1910 1690 1953 puniendum.
1705 1910 1785 1944 ibid.

1108 1951 1137 1984 si
1151 1958 1284 1995 peccata
1302 1953 1470 1986 remittere
1492 1958 1526 1986 et
1546 1953 1690 1986 retinere
1703 1953 1845 1997 pastori·

1108 1995 1169 2027 bus
1195 1996 1334 2039 singulis
1364 1996 1512 2029 absolute
1535 2000 1726 2030 concessum
1747 2003 1844 2038 esset,

1107 2049 1203 2071 omne
1215 2040 1361 2082 regimen
1371 2039 1466 2072 civile
1475 2040 1708 2074 destrueretur.
1718 2039 1752 2074 ii.
1762 2045 1842 2074 402:

1106 2083 1339 2115 —remittendi
1351 2094 1426 2116 vere
1439 2088 1473 2116 et
1487 2083 1635 2116 absolute
1646 2089 1843 2127 potestatem

1105 2125 1239 2165 habent,
1262 2126 1319 2158 sed
1343 2126 1587 2169 poenitentibus,
1609 2131 1644 2160 et
1667 2126 1843 2168 retinendi,

1106 2169 1165 2201 sed
1178 2169 1463 2212 impoenitentium.
1479 2169 1558 2202 ibid.

1106 2211 1217 2254 opinio
1232 2219 1308 2245 ante
1376 2219 1523 2245 catorum
1534 2212 1771 2246 confessionem
1785 2224 1842 2247 oo·

1106 2265 1176 2287 ram
1192 2255 1317 2287 bomini
1341 2267 1379 2288 us
1400 2266 1496 2299 posse
1518 2266 1590 2288 esse
1603 2256 1841 2300 penitentiam,

1105 2298 1193 2330 unde
1208 2305 1290 2331 orta.
1306 2299 1340 2331 ii.
1356 2303 1465 2332 402-3.

1104 2341 1230 2391 peccati
1245 2352 1321 2374 vera
1333 2341 1458 2385 agnitio
1478 2347 1529 2375 est
1549 2342 1622 2386 ipa
1638 2343 1840 2387 poenitenfin.

1104 2384 1139 2417 li.
1155 2389 1228 2417 403.

1105 2427 1140 2459 in
1154 2427 1346 2460 remissione
1366 2428 1431 2461 duo
1455 2433 1541 2469 sunt,
1563 2429 1792 2463 condemnatio
1806 2435 1841 2463 et

1104 2470 1263 2504 remissio.
1281 2471 1315 2504 ii.
1330 2475 1392 2504 404
1401 2472 1511 2504 2—i11a
1532 2472 1574 2505 ad
1589 2473 1736 2516 Judicem
1750 2484 1839 2507 sum-

1104 2524 1203 2552 mum.
1218 2514 1287 2547 hoec
1302 2515 1343 2547 ad
1358 2521 1521 2558 pastorem
1535 2517 1687 2559 pertinet.
1701 2516 1782 2551 ibid.

299 2563 434 2595 peccare
457 2552 605 2585 subditos
630 2553 812 2586 obediendo
833 2554 1035 2598 principibus
1061 2557 1358 2590 Pmoun-amor
1373 2559 1453 2601 ejus,
1470 2559 1623 2610 turpe-ii.
1639 2563 1709 2593 102.

299 2596 378 2635 suis,
392 2596 547 2629 seditiosa
561 2595 680 2639 opinio.
696 2596 730 2630 ii.
746 2601 819 2631 286.

299 2639 388 2682 quod
407 2638 564 2683 jubentis,
584 2639 612 2671 si
625 2639 777 2672 dominus
792 2640 844 2680 sit,
865 2650 1032 2684 peccatum

298 2688 359 2722 est,
375 2693 440 2715 non
455 2688 506 2715 est
519 2688 688 2725 peccatum
702 2682 861 2717 facientis.
876 2684 909 2716 ii.
926 2689 999 2719 286.

295 2725 422 2769 peccati
436 2736 565 2763 nomen.
580 2725 737 2758 latissime
758 2732 937 2771 sic-ceptum,
953 2728 1031 2771 quid

297 2768 469 2812 significat.
480 2768 514 2802 ii.
523 2772 586 2802 323
594 2779 742 2802 :—omne
754 2769 885 2810 factum,
897 2770 1031 2810 dictum,

296 2817 330 2845 et
340 2811 485 2851 volitum,
494 2818 609 2845 contra
622 2818 744 2845 rectam
755 2813 924 2847 rationem.
934 2814 1012 2847 ibid.
1022 2828 1029 2848 ε

1101 2600 1249 2643 pecuniae
1264 2601 1421 2634 obediunt
1435 2613 1559 2636 omnes.
1573 2602 1607 2636 ιὶ.
1622 2606 1696 2637 806.

1102 2643 1240 2686 pecunia
1254 2655 1274 2676 a
1291 2644 1365 2687 lege
1380 2645 1497 2685 ablata,
1512 2656 1551 2678 eo
1565 2646 1631 2679 fine
1645 2651 1684 2679 ut
1697 2657 1718 2679 a
1730 2651 1837 2684 mns-

1101 2686 1306 2729 gressoribus
1320 2687 1405 2730 legis
1414 2688 1583 2732 pecuniam
1592 2689 1727 2730 auferat,
1742 2700 1839 2733 pona

1099 2729 1232 2772 proprie
1253 2730 1418 2774 loquendo
1440 2742 1507 2764 non
1531 2737 1592 2782 est,
1617 2732 1675 2765 sed
1702 2743 1838 2777 exemp·

1100 2772 1200 2805 tionis
1226 2784 1246 2806 a
1272 2774 1344 2817 lege
1369 2775 1521 2818 pretium.
1543 2774 1593 2810 i1i.
1615 2779 1838 2821 &iffi—pona

1099 2815 1297 2859 pecuniaria,
1313 2817 1393 2861 quid
1407 2824 1466 2852 est.
1481 2818 1562 2852 ibid.

294 2874 337 2879 -
397 2860 505 2888 catum
534 2855 582 2888 ita
610 2855 758 2899 sequitur
780 2863 922 2898 matum,
946 2858 1030 2892 sicut
1056 2859 1480 2901 Peuma-embricum,
1492 2874 1598 2904 ponar,
1612 2862 1836 2905 Amorioum.

294 2910 334 2932 vo
348 2904 443 2932 untas
457 2898 671 2933 intellectum.
684 2898 762 2933 ibid.

1098 2902 1215 2936 Latine
1230 2910 1368 2946 quatuor.
1383 2904 1426 2941 iv.
1439 2909 1490 2939 54.
