1982 3204
209 398 300 423 CAP.
319 398 374 424 lx.

201 443 392 465 b—Yaeae

184 482 230 510 De
243 482 352 516 solidis,
366 486 394 511 et

182 534 283 553 eorum
298 535 394 564 super-

184 569 316 598 ficiebus.

458 261 548 305 192
753 270 1044 306 PRINCIPIA
1072 272 1138 305 ET
1164 272 1534 307 PROBLEMATA

451 387 496 440 2,
522 381 574 430 id
598 389 672 430 est
695 383 900 447 sphaera,
926 384 1126 447 aequalis
1150 391 1223 431 est
1256 383 1459 432 dimidio
1491 391 1758 449 aggregato
1783 403 1844 435 ex

451 463 480 504 3
497 464 547 505 et
569 463 608 516 l,
628 458 679 506 id
703 466 777 507 est
793 459 994 507 dimidio
1016 459 1236 523 cylindro
1257 467 1306 507 et
1325 459 1527 507 dimidio
1552 475 1678 508 cono
1701 462 1844 511 simul

450 533 654 596 sumptis
677 553 688 582 ι
725 542 782 582 ut
805 543 879 583 est
902 536 1222 598 propositum.

515 624 566 657 V.
605 609 672 658 Ut
691 610 971 658 inveniatur
995 610 1217 674 cylindro
1242 611 1430 673 sphaera
1454 611 1669 674 aequalis,
1694 611 1842 662 docet

447 684 597 732 etiam
621 686 938 734 Archimedes
962 687 1044 734 lib.
1070 686 1104 733 ii
1140 687 1222 733 De
1256 686 1470 750 Sphoera
1502 693 1552 734 et
1580 687 1838 750 Cylindro,

444 775 584 824 prop.
611 761 642 812 i.
711 761 916 824 Nempe,
946 771 997 809 ut
1028 769 1246 809 sumatur
1277 762 1525 825 cylindrus
1557 763 1640 826 qui
1677 763 1740 810 sit
1775 763 1840 811 ad

447 836 721 900 cylindrum
745 838 1048 901 propositum
1073 846 1128 885 ut
1154 844 1182 885 3
1208 837 1270 884 ad
1295 844 1342 892 2,
1367 837 1418 884 id
1443 847 1518 885 est
1538 847 1593 886 ut
1617 839 1839 902 proposi-

446 921 526 960 tus
546 913 793 976 cylindrus
815 913 878 961 ad
898 914 1164 976 sphaeram:
1191 913 1366 960 deinde
1387 914 1514 962 inter
1529 914 1839 962 altitudinem

446 988 654 1051 cylindri
678 989 914 1051 assumpti
939 997 989 1036 et
1014 988 1308 1036 diametrum
1333 989 1539 1052 sphaerae
1573 989 1839 1053 propositae

445 1072 501 1110 ut
525 1064 836 1112 inveniantur
851 1064 958 1111 duae
978 1063 1151 1112 mediae
1167 1064 1573 1127 proportionales.
1645 1065 1742 1113 Sed
1766 1065 1840 1112 in-

444 1139 611 1186 venire
635 1139 764 1187 inter
789 1139 908 1187 duas
934 1147 1092 1187 rectas
1119 1139 1258 1186 datas
1284 1139 1403 1187 duas
1427 1140 1611 1188 medias
1635 1157 1839 1204 propor—

444 1214 664 1272 tionales,
708 1214 926 1262 nondum
973 1222 1078 1261 erat
1119 1214 1385 1277 cognitum.
1457 1214 1514 1262 Id
1552 1231 1648 1278 quo
1686 1224 1836 1279 pacto

443 1291 529 1337 fiat
554 1290 883 1338 demonstravi
907 1305 998 1352 ego
1022 1289 1072 1336 in
1099 1305 1203 1352 cap.
1229 1289 1374 1352 hujus
1399 1290 1480 1337 vii.

510 1381 586 1414 VI.
625 1365 916 1429 Superficies
941 1364 1144 1427 sphaerae
1168 1364 1366 1426 aequalis
1399 1373 1474 1411 est
1499 1373 1712 1428 quatuor
1743 1366 1838 1414 cir-

443 1441 565 1489 culis
592 1442 642 1488 in
666 1441 837 1489 eadem
863 1441 1056 1504 sphaera
1080 1439 1318 1487 maximis.

510 1517 639 1565 Nam
686 1517 726 1564 si
771 1533 914 1564 arcus
961 1515 1256 1564 semicirculi
1301 1516 1382 1563 EF
1427 1515 1838 1564 circumvolvatur

443 1607 589 1655 super
612 1608 753 1639 axem
777 1592 872 1650 EF,
897 1592 984 1639 fiet
1007 1591 1207 1655 sphaerae
1231 1591 1525 1654 superficies.
1584 1592 1624 1639 A
1651 1600 1837 1655 puncto

441 1669 479 1716 F
501 1668 565 1716 ad
588 1668 1032 1716 circumferentiam
1060 1667 1268 1715 ducatur
1291 1674 1541 1730 utcunque
1578 1674 1715 1715 recta
1742 1667 1800 1715 FI
1823 1687 1834 1716 ε

444 1752 494 1792 et
517 1761 547 1792 a
568 1752 754 1807 puncto
780 1744 802 1791 I
829 1744 1038 1791 ducatur
1061 1751 1199 1791 recta
1222 1744 1294 1790 IK
1314 1743 1545 1806 parallela
1569 1743 1709 1791 lateri
1733 1743 1837 1802 BC,

441 1835 609 1867 secans
634 1818 1079 1866 circumferentiam
1104 1818 1154 1866 in
1181 1819 1226 1865 K
1252 1826 1302 1866 et
1326 1834 1466 1865 axem
1491 1818 1541 1865 in
1566 1818 1620 1866 L.
1678 1819 1838 1866 Erunt

441 1894 609 1957 anguli
633 1894 697 1941 ad
721 1895 760 1941 L
783 1894 938 1941 recti:
975 1903 1025 1941 et
1050 1901 1104 1941 ut
1138 1894 1216 1941 FL
1240 1893 1301 1941 ad
1340 1894 1420 1951 LI,
1447 1894 1515 1941 ita
1546 1894 1640 1941 erit
1675 1894 1740 1941 LI
1774 1893 1839 1942 ad

441 1970 548 2017 LE:
585 1978 634 2017 et
657 1979 714 2017 ut
738 1970 799 2017 FI
825 1969 886 2016 ad
911 1970 1004 2027 FL,
1030 1971 1100 2016 ita
1124 1970 1217 2016 erit
1250 1970 1314 2016 ΕΙ
1341 1969 1404 2016 ad
1431 1969 1530 2027 EL,
1555 1978 1756 2033 propter
1779 1969 1837 2018 si-

440 2045 576 2092 milia
599 2045 844 2107 triangula
868 2045 989 2103 FLI,
1011 2045 1132 2092 ELI.
1203 2046 1333 2092 Dum
1357 2053 1522 2092 autem
1559 2045 1840 2093 semicircu-

438 2121 514 2168 lus
538 2121 750 2168 volvitur
774 2136 920 2183 super
944 2136 1083 2167 axem
1116 2121 1211 2179 EF,
1237 2120 1531 2168 describitur
1555 2137 1584 2168 a
1606 2129 1790 2185 puncto
1815 2121 1838 2169 Ι

441 2197 650 2244 circulus
676 2197 747 2244 IK
781 2196 831 2243 in
856 2196 1059 2259 sphaerae
1084 2196 1356 2259 superficie.
1428 2197 1590 2260 Atque
1625 2197 1697 2244 ita
1720 2212 1838 2244 con-

440 2272 615 2335 tinget,
658 2272 708 2319 in
748 2287 1039 2334 quocunque
1081 2280 1265 2333 puncto
1308 2271 1715 2320 circumferentiae
1757 2273 1835 2320 FE

440 2354 687 2395 statuatur
711 2355 946 2410 punctum
970 2347 1008 2394 Ι.
1080 2346 1176 2394 Sed
1194 2356 1250 2394 ut
1275 2347 1351 2394 FE
1372 2347 1435 2394 ad
1453 2347 1533 2394 LE
1557 2347 1628 2395 ita
1651 2355 1726 2395 est
1745 2348 1837 2396 cir-

439 2423 578 2471 culus
603 2439 747 2486 super
771 2424 847 2470 FE
873 2422 936 2470 ad
960 2422 1195 2470 circulum
1218 2438 1363 2485 super
1382 2422 1479 2470 LE.
1551 2423 1674 2471 Sunt
1704 2423 1834 2471 enim

440 2498 610 2547 circuli
634 2499 684 2546 in
714 2498 962 2561 duplicata
984 2498 1174 2545 ratione
1199 2497 1463 2545 radiorum.

507 2575 753 2625 Quoniam
778 2590 895 2638 ergo
925 2589 1096 2622 omnes
1134 2574 1386 2637 perimetri
1424 2574 1494 2621 ῙΚ
1528 2573 1720 2622 faciunt
1755 2590 1837 2622 su-

438 2651 688 2715 perficiem
713 2651 933 2713 sphaerae,
958 2657 1008 2697 et
1031 2665 1199 2697 omnes
1232 2656 1376 2697 reetae
1401 2649 1473 2697 IK
1509 2649 1699 2697 faciunt
1740 2650 1836 2698 cir-

440 2727 604 2775 culum
630 2726 822 2784 GEHF,
848 2726 942 2773 erit
966 2725 1246 2788 superficies
1271 2724 1475 2788 sphaerae
1499 2724 1562 2772 ad
1597 2723 1836 2773 circulum

441 2802 631 2860 GEHF,
656 2801 706 2849 in
731 2800 980 2865 duplicata
1002 2801 1192 2848 ratione
1216 2800 1320 2848 axis
1343 2801 1423 2848 EF
1446 2799 1510 2848 ad
1528 2799 1718 2848 radium
1742 2799 1835 2847 cir·

440 2878 537 2926 culi
562 2877 753 2936 GEHF,
779 2877 1026 2926 semissem
1051 2876 1202 2941 ipsius
1226 2876 1320 2924 EF.
1393 2876 1491 2925 Sed
1515 2875 1724 2924 circulus
1750 2874 1835 2924 de·
