1982 3204
181 384 376 411 OBJEc'rto

234 438 321 465 XIII.

188 483 378 508 b—Y-ae

438 244 534 295 270
938 260 1316 294 OBJECTIONES

437 383 549 415 cum
574 369 787 433 seipsum
821 377 1013 419 tantum
1037 372 1250 435 respicit,
1277 388 1377 420 non
1402 372 1650 435 experitur
1672 388 1826 420 unum

436 451 486 491 et
510 443 639 492 idem
674 461 779 493 esse
814 447 1144 494 voluntarium
1177 455 1226 495 et
1253 447 1476 495 liberum.
1546 448 1719 510 Neque
1743 448 1823 496 hic

436 527 511 566 est
547 520 683 568 locus
720 522 1029 570 examinandi
1061 539 1284 586 quaenam
1319 524 1384 571 sit
1416 539 1474 571 ea
1497 523 1557 571 de
1580 539 1634 572 re
1658 524 1822 588 opinio

435 595 657 644 aliorum.

918 765 1181 798 OBJECTIO
1209 764 1336 798 XIII.

431 854 666 920 Exempli
702 873 870 916 eausa,
909 875 1014 905 eum
1056 857 1392 904 examinarem
1430 856 1509 904 Izi-s·
1548 855 1721 904 diebus
1754 874 1820 906 an

497 931 697 996 aliquid
717 933 766 980 in
790 933 962 980 mundo
986 933 1236 990 existeret,
1252 939 1399 996 atque
1423 932 1732 980 adverterem
1756 950 1820 981 ea·

496 1006 585 1054 hoe
603 1007 712 1070 ipso
731 1008 859 1070 quod
879 1007 1008 1055 illud
1022 1008 1370 1064 examinarem,
1390 1007 1642 1054 evidenter
1658 1008 1819 1071 sequi-

500 1088 582 1129 tur
604 1099 678 1129 me
702 1082 936 1139 existere,
961 1099 1054 1130 non
1068 1082 1217 1147 potui
1241 1083 1436 1146 quidem
1468 1099 1561 1129 non
1581 1082 1819 1144 judicare

498 1158 627 1221 quod
658 1164 759 1205 tam
795 1158 936 1206 clare
972 1157 1308 1222 intelligebam
1349 1173 1512 1205 verum
1551 1174 1684 1205 esse:
1725 1175 1817 1206 non

495 1233 631 1300 qaod
649 1232 710 1279 ab
734 1233 906 1297 aliqua
925 1234 973 1281 vi
997 1241 1204 1281 externa
1208 1233 1409 1297 fuerim
1428 1233 1500 1281 ad
1520 1233 1579 1281 id
1599 1239 1814 1293 coaetus,

493 1308 586 1355 sed
606 1309 721 1371 quia
745 1325 806 1355 ex
830 1325 1014 1373 magna
1038 1308 1145 1356 lace
1164 1308 1215 1356 in
1239 1308 1489 1356 intellectu
1509 1325 1692 1373 magna
1707 1324 1814 1356 eon-

492 1390 702 1447 sequuta
741 1391 818 1432 est
852 1384 1129 1448 propensio
1167 1385 1217 1431 in
1258 1384 1520 1442 voluntate,
1557 1390 1708 1448 atque
1739 1384 1815 1432 ita

493 1465 630 1506 tanto
650 1459 813 1523 magis
832 1465 1006 1524 sponte
1023 1466 1073 1506 et
1091 1458 1245 1507 libere
1264 1458 1394 1506 illud
1404 1458 1611 1517 credidi,
1632 1465 1812 1522 quanto

492 1533 748 1597 minusfui
770 1534 843 1582 ad
863 1534 1002 1582 istud
1022 1534 1181 1598 ipsam
1207 1533 1510 1596 indifferens,

489 1659 597 1707 Vox
619 1660 742 1717 haec,
767 1676 948 1725 magna
982 1659 1068 1707 lux
1100 1659 1150 1706 in
1177 1658 1443 1717 intellecta,
1476 1659 1810 1722 metaphorica

423 1742 519 1791 est3
555 1752 645 1783 nec
663 1737 814 1799 igitur
831 1735 1236 1799 argumentativa.
1275 1735 1621 1798 Unusquisque
1644 1743 1810 1783 autem

422 1811 505 1874 qui
543 1811 847 1859 dubitatione
889 1819 1038 1870 caret,
1072 1811 1221 1859 talem
1252 1811 1411 1859 lucem
1446 1811 1721 1874 praetendit,
1759 1818 1809 1859 et

420 1887 570 1935 habet
599 1888 973 1950 propensionem
997 1887 1263 1935 voluntatis
1295 1887 1358 1935 ad
1393 1886 1732 1934 affirmandum
1755 1886 1807 1934 id

421 1962 481 2010 de
506 1979 601 2026 quo
627 1963 835 2021 dubitat,
854 1979 953 2011 non
977 1963 1212 2010 minorem
1233 1979 1378 2026 quam
1397 1962 1480 2025 qui
1504 1955 1675 2010 revera
1697 1962 1805 2010 scit.

420 2038 585 2086 Potest
609 2054 726 2101 ergo
743 2038 828 2085 lux
852 2038 957 2086 haec
976 2054 1079 2086 esse
1098 2053 1245 2086 causa
1267 2053 1416 2102 quare
1436 2037 1542 2100 quis
1562 2037 1806 2086 obstinate

418 2113 698 2176 opinionem
735 2113 948 2176 aliquam
985 2112 1217 2161 defendat
1251 2113 1328 2161 vel
1364 2119 1546 2171 teneat,
1582 2112 1670 2160 sed
1705 2128 1805 2162 non

419 2189 551 2252 quod
576 2189 698 2237 sciat
721 2205 886 2236 veram
910 2205 1017 2236 eam
1043 2204 1164 2236 esse.

484 2265 740 2323 Praeterea,
760 2280 858 2312 non
878 2263 1024 2311 modo
1043 2265 1167 2311 scire
1186 2262 1369 2326 aliquid
1391 2278 1560 2310 verum
1579 2277 1699 2321 esse,
1718 2263 1805 2311 sed

417 2348 467 2388 et
491 2340 689 2387 credere
714 2339 789 2387 vel
813 2354 1062 2386 assensum
1085 2334 1318 2401 praebere,
1343 2337 1501 2385 aliena
1524 2343 1637 2384 sunt
1665 2353 1696 2385 a
1718 2353 1802 2386 vo-

415 2416 624 2464 luntate:
662 2431 776 2462 nam
799 2430 908 2478 quae
926 2413 1099 2461 validis
1118 2413 1417 2476 argumentis
1435 2412 1706 2476 probantur
1722 2413 1802 2461 vel

415 2500 470 2540 ut
493 2491 744 2540 credibilia
766 2497 1043 2548 narrantur,
1058 2489 1279 2537 volentes
1298 2488 1520 2536 nolentes
1540 2487 1800 2537 credimus.

413 2569 595 2616 Verum
628 2574 715 2626 est,
750 2565 881 2630 quod
909 2566 1150 2614 affirmare
1178 2573 1228 2612 et
1259 2580 1455 2627 negare,
1487 2579 1800 2627 propugnare

413 2651 464 2692 et
481 2643 703 2691 refellere
721 2641 1095 2706 propositiones,
1112 2650 1227 2689 sunt
1245 2648 1383 2688 actus
1397 2639 1686 2687 voluntatis:
1711 2638 1799 2687 sed

411 2735 511 2768 non
535 2718 645 2767 ideo
670 2717 888 2781 sequitur
910 2733 1162 2765 assensum
1196 2717 1446 2764 internum
1470 2714 1744 2779 dependere
1768 2729 1799 2762 a

410 2795 680 2844 voluntate.

477 2870 592 2919 Non
614 2870 780 2934 itaque
803 2869 920 2918 satis
946 2868 1311 2917 demonstratur
1329 2867 1576 2916 conclusio
1594 2881 1702 2931 quae
1724 2880 1794 2914 se-
