1982 3204
604 296 922 331 Tmen-rus
950 297 1200 332 01²TicUS.
1494 294 1537 336 2·
1562 293 1589 343 7

1528 295 1555 337 ἰν

686 518 1016 552 PROPOSITIO
1043 518 1118 552 v1.

203 611 397 661 Radius
420 630 448 660 e
482 613 638 661 medio
671 629 794 660 raro
832 613 1051 661 incidens
1083 612 1274 676 oblt‘qne
1301 614 1349 661 in
1384 617 1588 664 medium

271 688 487 746 densius,
514 690 651 750 cuju-3
675 689 966 753 superficies
981 687 1143 753 plana
1167 694 1258 747 est,
1284 690 1591 761 refringitur

269 779 439 812 versus
454 763 880 829 pevpench'culum.
1447 760 1450 762 ’

269 864 345 912 Sit
369 865 454 912 ED
478 873 612 912 recta
635 865 684 911 in
719 864 973 927 superficie
996 863 1142 927 plana
1167 865 1312 912 medii
1338 866 1588 924 densioris,
1648 888 1757 914 paor.
1781 888 1834 914 vr.

200 938 272 987 ita
296 948 351 987 ut
374 939 507 1004 quod
530 948 604 988 est
635 955 783 1003 supra
806 940 892 987 ΕΙ)
917 940 980 987 sit
1016 939 1229 987 medium
1261 942 1433 998 rarius,
1459 945 1590 1005 quod

199 1014 342 1072 infra,
377 1014 590 1063 densius.
652 1015 823 1077 Sitque

199 1091 251 1139 in
274 1091 434 1139 medio
458 1108 569 1139 raro
601 1092 731 1139 linea
754 1092 825 1139 lu·
1330 1092 1348 1144 Α,
1371 1057 1570 1150 “f-“NE-

198 1166 268 1215 cis
307 1167 449 1230 (puta
492 1167 607 1215 solis
645 1167 825 1215 diame-
1282 1105 1576 1255 ἎῘΝὟΞ

197 1245 349 1302 trum)
382 1243 485 1300 AB,
510 1259 539 1290 a
561 1260 658 1307 qua
685 1250 826 1290 exeat
1238 1241 1283 1310 ss
1366 1235 1535 1288 &J
1567 1242 1583 1260 ¹⁵

196 1317 361 1366 radius
385 1319 523 1381 eujus
546 1319 700 1367 latera
723 1318 824 1376 AE,

198 1392 287 1441 BD
310 1393 407 1441 sint
432 1393 495 1441 ad
513 1394 599 1441 AB
623 1409 828 1457 perpen-

198 1468 449 1527 dicularia,
468 1478 518 1518 et
541 1469 604 1517 ad
627 1469 827 1533 planum

198 1544 285 1592 ΕΙ)
299 1545 509 1608 obliqua.
553 1545 827 1608 Propagato

197 1619 350 1683 igitur
385 1620 539 1668 altero
572 1620 695 1668 lueis
726 1628 827 1667 ter-

198 1695 331 1744 mino
376 1695 440 1743 ad
491 1695 692 1759 planum
740 1695 826 1742 ED
928 1613 1281 1804 ‘Tfffiss
1335 1653 1351 1670 Π

197 1771 249 1819 in
271 1778 455 1835 puncto
487 1771 547 1828 D,
571 1771 695 1819 alter
726 1780 825 1818 ter·
870 1756 950 1872 ss
965 1690 1059 2026 f
1069 1764 1196 1972 >ss

197 1846 359 1894 minus
395 1862 495 1894 non
537 1845 827 1910 propagabi-
860 1873 871 1883 ι

196 1929 279 1971 tur
300 1922 444 1970 simul
468 1922 531 1970 ad
554 1923 754 1986 planum
777 1921 829 1968 in

198 1997 255 2055 E,
298 1997 384 2046 sed
428 1998 680 2061 perveniet
720 2004 829 2044 tan-

197 2079 303 2122 tum
341 2073 404 2121 ad
434 2073 488 2130 C,
522 2073 591 2120 ita
628 2079 684 2119 ut
718 2071 803 2118 AC
840 2069 903 2117 sit
937 2070 1136 2134 aequalis
1173 2070 1276 2117 BD.
1348 2068 1593 2117 Producta

198 2156 333 2197 reeta
366 2149 468 2205 BD,
500 2149 588 2195 fiat
630 2147 726 2195 DH
766 2145 965 2209 aequalis
1003 2154 1150 2194 reetae
1184 2146 1279 2193 CE.
1351 2145 1403 2191 Si
1442 2144 1593 2206 igitur

197 2223 413 2273 medium
436 2231 679 2271 mutatum
704 2238 803 2270 non
829 2230 974 2278 esset,
995 2221 1190 2284 quando
1210 2220 1447 2268 terminus
1470 2219 1592 2266 lueis

199 2298 245 2347 A
266 2308 565 2363 propagatus
599 2305 728 2346 esset
763 2297 827 2345 ad
863 2298 918 2355 E,
957 2297 1081 2345 alter
1122 2296 1359 2344 terminus
1392 2295 1593 2342 deberet

200 2389 304 2423 esse
325 2375 378 2423 iu
403 2375 469 2434 H,
496 2375 753 2423 immersus
784 2372 970 2421 scilieet
1003 2373 1094 2420 sub
1117 2372 1263 2435 plano
1300 2371 1387 2418 ΕΙ)
1410 2376 1593 2432 quanta

200 2457 279 2498 est
315 2449 549 2498 distantia
586 2449 788 2497 minima
824 2448 954 2496 inter
990 2455 1230 2511 punctum
1264 2446 1312 2493 H
1351 2444 1428 2492 vel
1469 2444 1508 2491 C
1543 2449 1593 2490 et

201 2532 387 2573 metam
418 2525 521 2583 ΕΙ),
542 2525 622 2573 vel
652 2525 782 2572 inter
822 2523 1028 2571 eandem
1065 2531 1252 2571 rectam
1290 2521 1376 2568 ΕΙ)
1413 2527 1465 2567 et
1501 2518 1592 2566 sibi

202 2599 481 2662 parallelum
498 2599 599 2649 111.
669 2599 916 2649 Quoniam
934 2614 1052 2647 vero
1067 2598 1360 2662 supponitur
1378 2594 1592 2642 medium

203 2674 295 2722 sub
316 2674 463 2738 plano
486 2676 573 2724 ΕΠ
597 2675 793 2724 densius
818 2690 965 2738 quam
984 2673 1116 2737 quod
1147 2688 1310 2736 supra,
1335 2679 1385 2718 et
1415 2686 1592 2733 propa-

202 2748 311 2812 gari
334 2747 614 2799 debiliorem
639 2759 827 2799 motum
850 2750 902 2798 in
926 2749 1081 2797 denso
1097 2764 1242 2812 quam
1266 2747 1317 2795 in
1334 2762 1460 2803 raro,
1476 2753 1594 2792 tunc

204 2823 400 2887 quando
435 2823 574 2874 lineae
610 2825 736 2874 lucis
759 2825 1000 2874 terminus
1026 2824 1071 2872 A
1094 2832 1170 2871 est
1199 2823 1250 2870 in
1273 2822 1330 2880 E,
1355 2821 1449 2868 erit
1471 2819 1595 2866 alter

203 2907 443 2957 terminus
473 2907 513 2956 B
547 2908 675 2958 inter
699 2909 747 2957 H
785 2915 838 2958 et
870 2908 932 2966 D,
964 2915 1087 2972 puta
1123 2908 1173 2955 in
1202 2906 1257 2955 L.
1326 2905 1457 2966 Ergo
1497 2910 1595 2950 ter·

1382 2995 1417 3032 Q
1443 2992 1463 3018 ‘²
