1982 3204
579 298 897 333 TRACTATUS
925 290 1173 331 opTlcUS.
1470 289 1565 330 245

181 408 318 457 tione
356 408 569 465 refracti,
612 409 682 456 ita
726 416 801 456 est
846 408 980 455 sinus
1026 407 1193 469 anguli
1240 406 1568 454 inclinationis
1614 424 1830 451 rmnnxm.

181 483 381 532 alterius
404 483 467 531 ad
485 485 644 531 sinum
663 483 830 546 anguli
854 483 902 530 iu
921 483 1004 530 illa
1021 482 1338 530 inclinatione
1357 482 1568 529 refracti.
1623 471 1811 493 “v-³

184 559 310 607 Sunt
332 559 494 622 itaque
523 560 752 606 continue
785 558 1172 622 proportionales
1198 557 1292 604 NK
1327 557 1460 603 sinus
1483 573 1570 604 an-

181 634 285 698 guli
309 635 505 682 refracti
530 635 579 681 iu
605 651 732 691 raro,
760 635 860 681 MA
883 634 1016 681 sinus
1041 632 1207 695 anguli
1244 631 1571 679 inclinationis

182 710 469 766 communis,
498 718 547 757 et
588 709 668 756 LE
711 709 846 756 sinus
879 708 1046 771 anguli
1083 707 1279 755 refracti
1316 707 1365 754 in
1403 707 1570 754 denso.

184 784 349 834 Quare
373 785 413 831 si
448 784 545 832 duo
570 784 692 831 radii
716 783 971 847 aequaliter
1003 782 1224 830 inclinati
1259 791 1353 829 etc.
1426 782 1574 830 Quod

183 869 289 908 erat
321 859 642 924 probandum.

707 999 1055 1047 Corollarium.

249 1101 564 1149 Manifestum
589 1101 703 1149 hinc
727 1108 817 1159 est,
843 1101 959 1148 dato
977 1101 1087 1148 sinu
1111 1100 1278 1163 anguli
1301 1099 1502 1148 refracti
1523 1099 1574 1146 in

182 1192 282 1225 uno
305 1177 466 1224 medio
489 1193 548 1224 ex
567 1177 737 1233 altero,
755 1184 806 1224 et
828 1176 1159 1233 inclinatione,
1178 1175 1284 1223 dari
1307 1176 1467 1223 sinum
1491 1191 1576 1222 an-

182 1252 287 1316 guli
322 1251 519 1300 refracti
556 1253 607 1299 in
632 1252 788 1300 altero
811 1251 1000 1299 medio:
1036 1251 1113 1299 vel
1137 1251 1262 1299 datis
1285 1251 1475 1314 angulis
1500 1266 1575 1298 re-

182 1326 353 1376 fractis
376 1327 630 1391 utriusque
654 1326 802 1375 medii
826 1327 878 1374 in
901 1326 1072 1374 eadem
1108 1327 1443 1384 inclinatione,
1469 1325 1576 1373 dari

184 1403 340 1467 ipsam
364 1402 754 1451 inclinationem:
778 1402 855 1449 vel
879 1401 997 1450 data
1013 1402 1329 1450 inclinatione
1348 1418 1446 1449 una
1464 1392 1577 1448 cum

185 1478 374 1527 ratione
398 1494 544 1542 quam
567 1479 751 1527 habent
786 1478 916 1526 inter
945 1493 997 1526 se
1020 1478 1255 1542 obsequia
1287 1477 1577 1536 mediorum,

186 1553 293 1603 dari
315 1561 508 1603 caetera.

646 1702 980 1737 PROPOSITIO
1006 1702 1126 1736 XIV.

187 1794 347 1844 Radia·
368 1796 634 1844 incidentis
656 1797 852 1862 oblique
870 1796 920 1844 in
944 1796 1149 1845 medium
1168 1797 1426 1856 diversum,
1443 1798 1582 1860 eujus

254 1872 544 1937 superficies
567 1879 644 1920 est
666 1889 832 1927 curva,
859 1872 1105 1936 rqfractio
1130 1871 1300 1920 eadem
1331 1879 1408 1920 est
1442 1889 1504 1920 ac
1535 1872 1584 1919 si

255 1946 512 1995 incidisset
541 1947 591 1994 in
623 1954 899 1995 contactum
913 1947 1088 2013 planae
1110 1947 1396 2012 superficiei
1418 1947 1581 2012 ipsam

254 2038 450 2071 curvam
470 2023 819 2088 contingentis.

257 2142 332 2191 Sit
355 2142 568 2190 medium
591 2142 724 2205 quod
747 2150 821 2190 est
838 2141 967 2189 infra
984 2151 1167 2190 rectam
1186 2141 1311 2190 FBG
1333 2141 1579 2190 diversum

190 2217 254 2266 ab
276 2233 336 2266 eo
359 2218 491 2282 quod
522 2226 596 2266 est
626 2234 789 2281 supra,
822 2218 1125 2280 ducaturque
1148 2217 1232 2265 ΟΡ
1255 2233 1425 2266 secans
1454 2219 1580 2267 FBG

191 2291 244 2341 in
268 2293 309 2341 B
330 2293 395 2342 ad
416 2293 623 2357 angulos
654 2302 831 2351 rectos,
857 2294 1042 2342 ducan-

193 2375 371 2432 turque
387 2368 497 2416 duae
511 2385 671 2417 curvae
685 2369 815 2418 ABC
828 2378 880 2418 et
894 2369 1036 2417 LBM
1330 2332 1348 2349 ο
1478 2405 1496 2423 1,

195 2457 250 2491 se
281 2444 487 2492 invicem
510 2452 560 2492 et
598 2453 782 2492 rectam
817 2445 899 2494 FG
920 2461 1038 2494 con-
1147 2440 1154 2457 ¹
1322 2375 1526 2618 ¹4¹

195 2516 442 2581 tingentes
474 2520 524 2567 in
563 2530 748 2583 puncto
787 2521 841 2567 B.
914 2521 1040 2569 Inci-
1084 2563 1101 2582 ,
1124 2473 1329 2746 ἢ
1543 2567 1562 2584 0

197 2591 284 2640 dat
319 2602 484 2642 autem
522 2594 586 2642 ad
622 2595 823 2659 planum
862 2596 944 2645 FG
987 2597 1039 2645 in
1182 2582 1329 2773 Χ,
1347 2592 1360 2607 ”
1455 2620 1491 2664 ’χ

196 2675 379 2730 puncto
413 2668 455 2716 B
490 2669 540 2716 iu
574 2669 889 2720 inclinatione
921 2689 1040 2735 qua·
1131 2677 1145 2694 ¹⁴
1161 2715 1179 2733 Β
1506 2695 1522 2711 ⁰

197 2754 390 2805 cunque
411 2742 575 2792 radius
592 2744 681 2793 DB
698 2746 782 2809 qui
805 2747 1043 2811 refringa-

198 2825 279 2864 tur
314 2834 344 2864 a
377 2817 565 2867 directa
602 2819 732 2880 DBI,
760 2822 837 2870 vel
871 2839 1041 2871 versus
