1982 3204
594 287 909 322 ‘raac'rA‘ms
938 260 1185 321 om'cns.
1481 279 1570 323 221

195 399 282 448 sed
312 399 429 448 foris
459 407 574 448 ante
606 400 787 448 oculos.
860 398 1051 447 Motum
1085 414 1202 462 ergo
1226 414 1256 446 a
1277 398 1441 446 lucido
1481 415 1580 448 non
1635 419 1744 445 rum».
1766 417 1823 444 m.

193 491 424 524 vocamus
447 475 626 533 lumen,
645 484 909 538 antequam
928 482 1060 521 retro
1079 489 1109 521 a
1123 473 1324 520 cerebro
1342 488 1430 536 per
1448 489 1581 521 reac-
1634 465 1821 487 *Ὗῌ

194 550 379 598 tionem
412 559 712 613 propagetur
738 565 827 612 per
863 564 1064 596 nervum
1097 548 1313 611 opticum
1339 556 1389 596 et
1413 549 1580 598 oculos

195 626 259 674 ad
283 625 494 673 medium
519 626 647 672 inter
669 625 862 672 oculum
886 633 936 672 et
958 623 1189 671 lucidum.
1250 623 1437 671 Lumen
1463 639 1581 686 ergo

196 710 272 749 est
294 701 535 764 apparitio
560 708 675 747 ante
698 699 865 747 oculos
890 708 1054 746 motus
1085 698 1212 746 illius
1239 698 1323 762 qui
1346 714 1585 762 propaga-

196 783 279 825 tur
301 792 331 824 a
353 775 499 823 lucidi
524 774 736 822 diastole
759 775 858 822 sive
882 774 1204 823 tumescentia
1226 774 1290 821 ad
1314 774 1583 831 cerebram,

196 859 248 899 et
271 850 384 899 inde
407 859 538 898 retro
558 865 646 913 per
670 850 836 897 oculos
870 849 932 896 ad
957 848 1190 897 medium.
1257 849 1347 896 Est
1371 865 1488 912 ergo
1512 849 1585 896 lu-

195 942 309 975 men
331 925 479 974 lucidi
503 925 809 988 phantasma,
828 924 929 972 sive
947 924 1110 986 imago
1129 932 1370 987 concepta
1386 924 1437 971 in
1456 940 1585 972 cere·

195 1002 303 1051 bro.
388 1000 720 1048 Confirmatur
764 1007 928 1047 autem
971 999 1120 1046 etiam
1160 999 1478 1063 experientia,
1526 1015 1585 1047 eo

198 1076 330 1141 quod
349 1076 399 1123 in
423 1075 557 1123 omni
581 1075 900 1123 concussione
924 1075 1119 1122 cerebri
1131 1091 1227 1138 quo
1245 1075 1302 1122 fit
1320 1083 1481 1123 motus
1499 1075 1587 1123 ali-

195 1151 303 1215 quis
316 1167 404 1215 per
422 1166 626 1198 nervum
646 1151 862 1213 opticum
880 1158 1170 1208 extrorsum,
1187 1159 1241 1198 ut
1260 1151 1456 1214 quando
1472 1167 1587 1199 ocu-

195 1226 272 1275 lus
285 1226 571 1290 percutitur,
590 1236 793 1290 apparet
810 1226 975 1274 lumen
1000 1225 1246 1289 quoddam
1269 1236 1384 1275 ante
1403 1228 1583 1275 oculos.

195 1302 271 1350 Ex
291 1302 369 1351 his
391 1318 501 1367 quae
525 1302 658 1350 dicta
681 1310 796 1350 sunt
818 1302 1054 1350 faciemus
1077 1302 1224 1350 breve
1255 1302 1586 1352 corollarium.

718 1419 1068 1469 Corollarium.

265 1504 452 1552 Lumen
483 1513 558 1552 est
580 1505 871 1567 phantasma
901 1520 931 1552 a
964 1503 1144 1552 lucido.
1215 1504 1349 1552 Idem
1375 1506 1586 1554 sentien-

201 1579 319 1628 dum
343 1579 403 1627 de
426 1579 685 1638 coloribus,
710 1579 793 1642 qui
819 1587 934 1627 sunt
956 1579 1120 1627 lumen
1137 1579 1504 1643 perturbatum.

268 1655 454 1703 Lumen
485 1664 787 1719 propagatur
822 1654 886 1703 ad
913 1655 1184 1718 quamlibet
1218 1655 1500 1704 distantiam
1535 1657 1586 1704 in

200 1731 430 1779 instante.

266 1806 453 1855 Lumen
478 1822 573 1870 quo
597 1806 807 1870 longius,
831 1822 890 1855 eo
915 1805 1123 1854 debilius
1146 1814 1459 1870 propagatur.

759 1915 1023 1964 Illonitum.

265 1997 538 2047 Difficultas
572 1997 786 2046 maxima
821 1998 872 2046 in
906 1998 1090 2047 lumine
1124 1998 1445 2063 concipiendo
1484 2007 1586 2047 tam

198 2082 434 2132 veterum,
444 2089 590 2137 quam
604 2072 962 2121 neotericorum
976 2073 1375 2137 philosophorum
1389 2074 1588 2138 ingenia

199 2148 360 2207 torsit,
385 2149 560 2212 quibus
593 2163 735 2212 spero
768 2148 1070 2197 satisfactum
1101 2149 1178 2208 iri,
1203 2149 1245 2197 si
1275 2149 1588 2198 considerent

198 2225 281 2273 vix
310 2240 369 2272 ac
398 2239 462 2272 ne
496 2224 576 2271 vix
607 2222 805 2288 quidem
835 2239 865 2272 a
898 2224 1039 2273 nobis
1079 2224 1224 2283 clare,
1260 2223 1586 2288 distincteque

199 2298 391 2363 concipi
426 2298 676 2362 quidpiam
714 2298 810 2347 nisi
842 2307 1020 2357 motuS,
1056 2307 1143 2347 aut
1174 2300 1443 2363 figurarum
1477 2315 1585 2363 ope.

202 2373 337 2424 Quas
359 2374 401 2422 si
424 2373 532 2437 quis
556 2372 815 2436 diligenter
836 2373 1123 2437 perpendat,
1148 2381 1198 2422 et
1233 2382 1422 2422 motum
1453 2390 1587 2421 com-

199 2449 467 2513 positiones
489 2448 747 2513 intelligat,
766 2448 835 2496 nil
858 2449 910 2497 in
934 2456 1039 2497 tota
1056 2448 1364 2513 philosophia
1379 2448 1585 2508 faciliuS,

201 2523 272 2571 nil
293 2523 358 2572 ad
379 2523 846 2572 demonstrationem
877 2524 1308 2583 accommodatiuS,
1341 2532 1391 2573 et
1429 2523 1588 2572 homi-

203 2614 322 2647 num
343 2598 540 2662 ingenio
562 2599 912 2663 congruentius
930 2615 1035 2648 esse
1055 2598 1303 2647 fatebitur.

689 2725 930 2788 Definitio
952 2725 1101 2773 radii.

274 2806 486 2855 Badium
508 2808 713 2872 appello,
737 2810 865 2857 viam
888 2824 976 2873 per
998 2824 1145 2872 quam
1177 2816 1338 2855 motus
1366 2822 1396 2854 a
1423 2805 1584 2854 lucido

205 2898 294 2946 per
317 2882 529 2932 medium
548 2893 860 2947 propagatur.
931 2883 1151 2946 Exempli
1169 2882 1356 2945 gratia:
1382 2881 1444 2929 sit
1468 2879 1586 2928 luci-
