1982 3204
393 257 489 300 258
895 263 1271 298 OBJECTIONES

145 393 339 420 onmcwro
393 376 526 424 aliud
549 377 613 425 sit
637 392 782 441 quam
814 375 1059 439 copulatio
1084 383 1134 422 et
1159 373 1500 421 concatenatio
1527 374 1781 422 nominum

146 492 155 503 ,
218 447 273 473 ¹V·
329 494 336 504 ,
394 453 494 500 sive
535 452 917 515 appellationum
957 467 1043 514 per
1079 450 1281 497 verbum
1318 449 1411 496 hoc
1449 452 1567 497 est?
1637 449 1781 497 Unde

393 528 666 591 colligimus
702 528 892 575 ratione
933 526 1053 574 nihil
1089 526 1286 573 omnino
1317 524 1377 572 de
1401 532 1578 573 natura
1601 541 1780 583 rerum,

394 603 480 651 sed
505 603 564 651 de
585 619 753 651 earum
777 602 1209 666 appellationibus:
1245 600 1490 659 nimirum,
1514 609 1679 648 utrum
1704 617 1781 649 co·

393 680 615 743 pulemus
640 696 805 727 rerum
830 679 1030 726 nomina
1054 677 1321 726 secundum
1344 686 1506 741 pacta,
1527 694 1635 740 quae
1658 677 1782 725 arbi·

392 755 489 804 trio
531 764 700 804 nostro
736 755 940 803 fecimus
975 755 1106 802 circa
1139 754 1354 817 ipsarum
1387 753 1783 816 significationes,

393 831 471 878 vel
493 847 610 879 non.
682 830 734 878 Si
762 831 857 878 hoc
893 830 970 888 sit,
997 830 1122 877 sicut
1146 845 1249 876 esse
1272 836 1450 891 potest,
1474 828 1784 876 ratiocinatio

395 907 691 971 dependebit
706 923 735 954 a
747 906 1042 964 nominibus,
1058 905 1258 953 nomina
1275 905 1336 951 ab
1355 904 1720 966 imaginatione,
1735 911 1786 951 et

394 983 679 1046 imaginatio
716 982 859 1040 forte,
885 982 1011 1029 sicut
1042 981 1215 1039 sentio,
1252 981 1312 1027 ab
1349 995 1645 1042 organorum
1676 995 1786 1027 cor-

394 1075 656 1122 poreorum
680 1066 846 1106 motu:
883 1065 933 1105 et
957 1057 1026 1104 sic
1054 1072 1192 1104 mens
1228 1055 1350 1103 nihil
1387 1055 1520 1103 aliud
1544 1056 1637 1103 erit
1659 1070 1785 1118 prae-

394 1142 620 1198 terquam
665 1141 827 1181 motus
872 1133 924 1180 in
969 1132 1191 1195 partibus
1230 1131 1521 1194 quibusdam
1567 1131 1787 1194 corporis

396 1210 630 1274 organici.

925 1339 1255 1373 RESPONsio.

462 1426 804 1474 Differentiam
822 1423 952 1473 inter
966 1425 1369 1489 imaginationem
1390 1431 1439 1472 et
1457 1440 1593 1487 purae
1610 1424 1788 1472 mentis

396 1508 690 1564 conceptum
715 1502 796 1549 hic
821 1501 1060 1564 explicui:
1097 1508 1154 1548 ut
1177 1500 1227 1547 in
1252 1500 1475 1563 exemplo
1496 1515 1788 1548 enumerans

394 1594 615 1641 quaenam
652 1578 750 1626 sint
773 1577 825 1624 in
849 1593 963 1625 cera
985 1582 1093 1639 quae
1121 1576 1462 1639 imaginamur,
1489 1583 1539 1623 et
1563 1590 1789 1638 quaenam

397 1669 506 1716 quae
531 1653 634 1701 sola
659 1660 823 1700 mente
856 1651 1171 1715 concipimus.
1244 1651 1342 1699 Sed
1364 1658 1414 1699 et
1437 1651 1554 1699 alibi
1577 1650 1789 1715 explicui

396 1745 492 1792 quo
528 1735 673 1792 pacto
717 1744 868 1776 unam
903 1735 954 1775 et
988 1726 1194 1774 eandem
1228 1742 1349 1785 rem,
1386 1733 1508 1789 puta
1551 1733 1789 1790 pentago-

395 1820 530 1861 num,
546 1804 687 1852 aliter
711 1803 1041 1867 intelligamus
1066 1811 1116 1851 et
1139 1802 1282 1850 aliter
1306 1801 1643 1865 imaginemur.
1699 1802 1789 1850 Est

397 1887 563 1926 autem
600 1879 652 1926 in
688 1879 1063 1942 ratiocinatione
1092 1877 1361 1941 copulatio,
1387 1893 1486 1924 non
1518 1876 1788 1936 nominum,

398 1954 483 2002 sed
529 1970 692 2002 rerum
737 1954 1017 2002 nominibus
1064 1953 1448 2017 significatarum
1471 1970 1481 1999 :
1540 1951 1788 2014 mirorque

398 2030 543 2077 alicui
576 2029 878 2077 contrarium
904 2029 1068 2076 venire
1104 2044 1246 2091 posse
1275 2028 1327 2075 in
1362 2034 1591 2074 mentem.
1665 2026 1789 2075 Quis

399 2105 528 2153 enim
546 2104 752 2163 dubitat,
774 2105 891 2167 quin
911 2104 1076 2152 Gallus
1094 2112 1145 2151 et
1164 2104 1434 2151 Germanus
1454 2102 1624 2150 eadem
1644 2101 1789 2165 plane

398 2180 571 2228 iisdem
618 2178 678 2226 de
724 2179 869 2227 rebus
909 2179 1097 2242 possint
1136 2177 1435 2236 ratiocinari,
1474 2193 1585 2225 cum
1622 2186 1789 2225 tamen

398 2255 547 2302 verba
571 2255 852 2318 concipiant
875 2254 1020 2317 plane
1041 2254 1234 2301 diversa
1254 2253 1271 2299 ἓ
1305 2254 1369 2301 Et
1392 2252 1616 2315 nunquid
1637 2253 1789 2316 philo·

400 2330 581 2394 sophus
607 2330 820 2393 seipsum
845 2330 1155 2388 condemnat,
1176 2345 1287 2377 cum
1310 2328 1527 2392 loquitur
1549 2327 1610 2376 de
1632 2329 1790 2392 pactis

399 2421 506 2469 quae
530 2405 733 2453 arbitrio
764 2413 934 2453 nostro
973 2405 1178 2452 fecimus
1203 2404 1334 2452 circa
1356 2405 1618 2452 verborum
1642 2405 1791 2468 signi-

397 2481 683 2529 ficationes?
756 2480 807 2528 Si
848 2481 978 2528 enim
1015 2480 1233 2528 admittit
1270 2479 1453 2542 aliquid
1488 2480 1650 2527 verbis
1692 2480 1790 2545 sig-

398 2556 602 2614 nificari,
628 2570 778 2619 quare
801 2572 900 2603 non
924 2556 1028 2604 vult
1052 2555 1450 2604 ratiocinationes
1469 2563 1661 2604 nostras
1685 2571 1790 2605 esse

399 2631 460 2680 de
482 2632 577 2680 hoc
602 2631 816 2695 aliquid*
844 2631 975 2695 quod
1000 2632 1320 2695 significatur,
1343 2631 1507 2693 potius
1545 2647 1692 2695 quam
1728 2631 1791 2680 de

400 2707 516 2755 solis
538 2707 735 2756 verbis?
804 2707 878 2755 Ac
911 2715 1045 2755 certe
1079 2707 1253 2756 eodem
1282 2708 1392 2770 jure
1417 2723 1513 2771 quo
1539 2707 1791 2756 concludit

1035 2883 1056 2906 ³*
1079 2882 1155 2922 Sic.
