1982 3204
548 308 659 343 Lux
687 308 1113 342 MATHEMATICA.
1431 300 1524 343 109

199 418 338 469 Idem
362 420 540 469 librum
566 420 684 468 satis
708 436 942 483 magnum
966 421 1027 468 ab
1053 421 1168 468 hinc
1192 420 1389 468 biennio
1423 420 1527 468 edi-
1546 434 1811 463 cos-novan-

133 494 208 544 dit
235 495 296 544 de
329 503 482 553 motu,
507 496 558 544 in
590 497 729 560 cujus
762 506 902 560 parte
924 497 1084 560 prima
1118 496 1221 559 agit
1254 496 1314 543 de
1351 504 1529 543 natura
1583 491 1666 547 ,ΜΛ
1688 489 1774 547 ω’,

135 571 312 629 Librae,
337 572 386 620 in
425 572 639 620 secunda
671 572 732 620 de
769 582 938 620 centro
973 571 1227 635 gravitatis
1264 570 1530 618 earundem

134 647 420 711 figurarum,
440 664 538 695 non
564 647 798 705 omnium,
824 647 908 695 sed
932 647 1175 710 parabolae
1199 662 1349 710 purae,
1371 655 1420 693 et
1444 661 1530 708 pa-

136 722 431 772 raboloeidis
454 722 612 779 solidi,
637 730 685 770 et
704 723 948 786 parabolae
972 722 1221 770 cubicalis.
1283 721 1361 769 Ad
1385 737 1532 784 quam

137 814 242 847 rem
278 798 510 862 supponit
546 797 643 845 duo
679 798 948 861 principia:
984 797 1192 845 alterum
1230 796 1443 860 quidem,
1478 803 1533 844 ut

138 873 275 933 dicit,
299 873 574 931 Cavallerii,
596 889 773 936 nempe
797 873 907 931 hoc,
932 872 1068 938 quod
1099 873 1358 937 quantitas
1381 871 1533 929 omnic

139 948 371 998 continua
398 954 591 996 constat
613 964 675 996 ex
706 963 902 995 numero
938 948 1128 1011 infinito
1149 946 1533 1004 indivisibilium,

141 1025 246 1074 sive
267 1023 456 1072 infinite
480 1023 797 1087 exiguorum:
833 1039 1113 1087 quanquam
1142 1039 1250 1086 ego,
1277 1022 1535 1071 Cavallerii

141 1099 268 1147 libro
301 1097 444 1158 lecto,
470 1098 592 1146 nibil
625 1098 692 1146 ibi
716 1098 766 1146 in
792 1098 925 1147 illam
960 1099 1255 1146 sententiam
1296 1098 1534 1161 scriptum

141 1172 482 1232 animadverti,
528 1189 687 1237 neque
729 1174 940 1232 axioma,
982 1189 1139 1238 neque
1179 1173 1535 1230 definitionem,

141 1265 300 1314 neque
336 1249 736 1312 propositionem.
808 1249 936 1297 Nam
964 1250 1142 1298 falsum
1165 1257 1255 1297 est.
1326 1248 1538 1298 Quanti-

142 1333 219 1374 tas
255 1324 385 1372 enim
431 1325 668 1372 continua
713 1340 801 1372 sua
840 1334 1019 1373 natura
1064 1325 1317 1373 divisibilis
1365 1332 1440 1372 est
1486 1324 1538 1371 in

142 1415 334 1464 semper
356 1399 645 1448 divisibilia:
682 1416 772 1448 nec
795 1410 958 1464 potest
997 1417 1103 1450 esse
1126 1401 1310 1465 aliquid
1348 1400 1566 1448 infinite*

145 1475 394 1539 exiguum,
414 1475 506 1523 nisi
530 1474 731 1523 daretur
754 1475 928 1523 divisio
951 1476 1003 1524 in
1028 1476 1197 1524 nihila.

212 1550 511 1614 Principium
533 1565 631 1613 quo
654 1551 813 1598 utitur
836 1551 1059 1609 alterum,
1084 1567 1226 1599 suum
1250 1558 1341 1608 est,
1366 1549 1543 1598 funda-

145 1634 322 1690 turque
357 1626 409 1673 in
445 1641 585 1689 prop.
610 1627 759 1675 xxxix
790 1626 1136 1674 Arithmetiece
1172 1627 1277 1690 ejus
1318 1623 1543 1688 Infinita-

147 1717 291 1751 rum:
323 1717 470 1766 quam
493 1701 856 1750 arithmeticam
879 1702 942 1750 ad
964 1701 1362 1751 Controversiam
1382 1717 1401 1749 1
1428 1717 1545 1749 con-

148 1776 484 1825 demnavimus
523 1777 858 1826 absurditatis.
925 1778 1015 1826 Est
1048 1785 1210 1826 autem
1246 1777 1543 1840 principium

148 1851 271 1902 illud
294 1851 604 1916 hujusmodi:

222 1928 284 1977 Si
305 1927 624 1992 intelligatur
648 1927 809 1975 series
832 1927 1162 1991 quantitatum
1184 1926 1246 1976 ab
1267 1933 1298 1976 Ο
1323 1943 1546 1975 crescen-

151 2003 276 2054 tium
304 2009 556 2068 perpetuo
578 2004 737 2066 juxta
768 2003 989 2051 ordinem
1020 2002 1299 2051 naturalem
1322 2018 1546 2051 numero-

150 2094 276 2138 rum,
310 2083 421 2137 0,1‚
441 2085 489 2136 2,
509 2083 556 2136 3,
582 2083 694 2136 ete„
723 2077 806 2125 vel
829 2078 987 2140 juxta
1024 2077 1244 2126 ordinem
1280 2077 1547 2142 quadrato-

151 2169 277 2212 rum,
299 2161 355 2202 ut
378 2158 426 2211 Ο,
450 2159 490 2212 l,
510 2159 557 2212 4,
575 2157 625 2211 9,
643 2158 753 2211 ete„
776 2152 856 2201 vel
862 2154 1021 2216 juxta
1044 2153 1267 2202 ordinem
1298 2153 1547 2210 cuborum,

152 2235 208 2278 ut
230 2235 280 2289 0,
305 2235 347 2288 l,
366 2234 414 2287 8,
433 2233 514 2285 27,
539 2234 651 2284 ete„
677 2245 878 2292 quarum
914 2228 1090 2277 ultima
1120 2229 1190 2278 sit
1221 2229 1344 2277 data
1361 2247 1379 2278 .·
1413 2228 1548 2276 ratio

154 2305 312 2354 totius
328 2304 480 2353 seriei
497 2304 571 2353 ad
588 2304 768 2352 seriem
792 2304 992 2352 totidem
1026 2304 1249 2353 maximoe
1270 2303 1549 2369 oequalium,

153 2380 267 2440 erit,
305 2379 356 2428 in
380 2379 551 2444 primo
589 2395 725 2438 casu,
760 2385 815 2427 ut
847 2386 866 2428 l
897 2379 970 2427 ad
984 2386 1013 2428 2
1030 2397 1050 2434 ‚·
1085 2380 1137 2428 in
1167 2396 1288 2428 casu
1320 2378 1549 2436 secundo,

154 2461 213 2509 ut
242 2461 260 2504 Ι
290 2454 365 2504 ad
391 2460 422 2503 3
439 2472 459 2509 ;
493 2454 545 2503 in
567 2470 688 2502 casu
712 2455 876 2514 tertio,
899 2461 955 2502 ut
980 2462 997 2503 l
1024 2455 1098 2504 ad
1117 2463 1165 2513 4,
1189 2461 1282 2504 etc.

224 2530 471 2586 Quoniam
503 2538 669 2579 autem
697 2546 835 2594 prop.
860 2531 1010 2578 xxxix
1050 2530 1395 2579 Arithmeticoe
1430 2529 1551 2591 Irfi-

157 2604 370 2654 m‘torum
392 2604 605 2653 absurda
629 2613 719 2664 est,
743 2605 986 2654 rationem
1009 2605 1252 2654 dictarum
1282 2606 1552 2669 figurarum

158 2678 223 2728 ad
247 2695 336 2728 sus
356 2681 645 2744 rectangula
666 2681 913 2730 Wallisius
937 2697 1036 2730 non
1061 2681 1440 2730 demonstravit:
1465 2679 1552 2727 sed

160 2753 497 2803 conclusiones
511 2755 754 2804 Hobbesii
771 2764 876 2805 tum
892 2756 953 2805 de
971 2757 1260 2815 rationibuS,
1279 2765 1385 2804 tum
1403 2756 1551 2803 etiam

162 2827 226 2877 de
247 2844 415 2877 earum
434 2831 616 2879 centris
638 2831 909 2894 gravitatis,
932 2831 1272 2895 paralogismis
1294 2830 1393 2880 suis
1417 2845 1551 2879 assu·

163 2913 239 2953 tas
262 2919 351 2968 pro
376 2904 476 2952 suis
497 2904 783 2954 venditavit.
