1982 3204
270 206 319 253 iv

315 323 468 353 abstracta
483 321 567 353 nihil
581 322 709 354 confert
729 322 770 354 ad
792 321 1049 355 intellectionem

315 371 453 397 concretae
480 376 557 404 suae,
584 376 643 397 nec
669 371 792 406 contra,
818 373 971 398 concreta
997 365 1050 397 ab·

316 414 447 440 stractae
464 419 539 441 suae.
552 408 594 441 iv.
610 413 661 441 44.
791 424 794 427 ¹

273 451 691 484 Ansunnl'rAs-—hominis
717 451 817 484 solius
832 451 1050 495 privilegium.

315 494 362 526 iii.
388 499 523 527 35z—et
550 494 638 527 inter
662 506 718 527 eos
741 496 883 527 maxime
907 495 1051 545 phi!oso-

315 538 464 580 phorum.
481 537 645 571 ibid:—in
660 539 785 570 caeteris
807 538 952 571 sciennis
968 549 1050 580 prze-

316 586 367 613 ter
382 581 605 622 geometriam,
621 581 674 613 cui
696 581 894 624 imputanda.
911 581 989 614 ibid.

316 624 535 656 absurditates
558 625 770 667 procedentes
793 636 812 657 a
833 625 962 657 defectu
985 623 1051 656 dis-

316 667 485 699 tinctionis
510 667 597 699 inter
622 668 898 700 considerationes
918 673 1051 710 propter

318 721 399 752 quas
414 721 551 754 corpora
565 710 600 742 in
623 711 766 743 rationes
791 711 987 743 inferuntur.
1003 711 1048 742 iii.

319 757 414 786 35-6:

314 807 362 829 eae
378 807 451 839 quae
466 797 683 829 terminantur
705 797 739 829 in
763 797 983 836 contentione,
1002 797 1051 828 vel

318 839 490 879 seditione,
502 840 554 872 vel
569 847 767 883 contemptu.
782 841 828 873 iii.
845 845 895 873 38.

318 883 533 915 absurdorum
558 883 748 925 dogmatum
764 883 942 927 turpitudo,
954 883 1001 915 ita
1015 889 1052 915 ut

317 926 535 969 philosophiae
550 927 659 966 decus,
676 927 753 959 solis
768 927 925 970 competit
946 927 1052 958 homi-

317 969 424 1002 nibus.
441 970 462 1002 i.
478 974 529 1002 32.

317 1012 402 1044 nihil
418 1018 484 1045 tam
500 1013 677 1045 absurdum
698 1013 788 1045 dictu
803 1018 863 1052 est,
889 1013 968 1055 quin
984 1023 1052 1044 ma-

313 1055 418 1098 gister
433 1056 560 1098 aliquis,
573 1057 695 1088 erroris
707 1056 845 1099 alicujus
857 1055 1052 1088 defendendi

317 1110 424 1138 causa,
440 1110 533 1141 aeque
549 1099 726 1132 absurdum
750 1099 926 1142 aliquando
950 1099 1053 1142 scrip-

320 1142 409 1175 serit.
430 1153 460 1174 v.
479 1146 549 1176 157.

277 1185 527 1218 AcAnnmcI—
546 1185 612 1228 qui.
627 1185 674 1217 iii.
698 1189 772 1223 491,
789 1189 859 1217 540.

276 1229 559 1261 Acmmum-ab
575 1228 748 1260 academiis
763 1228 985 1270 incipiendum
996 1234 1056 1267 est,

321 1272 349 1303 si
364 1271 438 1314 quis
454 1282 565 1304 sanam
580 1271 763 1304 doctrinam
778 1271 987 1304 introducere
1002 1283 1055 1304 vo-

320 1315 428 1347 luerit.
444 1315 477 1347 ii.
494 1319 567 1347 303.

316 1358 547 1394 Londinensis,
561 1357 704 1400 ingeniis
725 1357 869 1390 abundat
891 1358 1056 1390 excellen-

320 1401 464 1433 tissimis.
481 1401 522 1433 iv.
539 1406 611 1434 236.

321 1444 458 1476 societas
483 1444 550 1483 illa,
577 1456 650 1487 quae
675 1444 726 1477 sit.
753 1443 795 1477 iv.
817 1444 975 1477 2401—-in
1001 1444 1058 1476 illa

321 1487 416 1530 pauci
442 1494 527 1527 sunt,
547 1488 604 1530 qui
628 1488 826 1520 dissentiunt
851 1499 870 1520 a
896 1488 1058 1520 sententia

321 1530 456 1606 ξρὲὼίί,
481 1531 522 1563 de
562 1537 654 1564 motu
682 1542 741 1574 per
769 1542 867 1574 quem
896 1532 935 1564 fit
964 1531 1056 1563 visio.

322 1585 335 1606 1
359 1585 370 1606 1
395 1599 402 1607 .

322 1628 420 1667 quam
443 1617 633 1650 methodum
648 1617 683 1649 in
698 1617 805 1650 causis
819 1628 930 1650 rerum
949 1617 1058 1650 inves—

321 1661 466 1703 tigandis
482 1666 673 1703 sequuntur.
690 1660 731 1693 iv.
748 1665 820 1694 241.

322 1704 582 1747 experimentum
610 1703 658 1736 ibi
686 1704 809 1737 factum
834 1704 875 1736 de
898 1706 1002 1737 Vacuo
1027 1710 1060 1737 et

318 1753 432 1779 natura
445 1750 533 1780 aeris.
555 1747 596 1780 iv.
613 1751 687 1780 242.

322 1790 410 1823 inter
436 1802 550 1823 causas
574 1796 710 1833 propter
732 1802 812 1833 quas
835 1790 995 1834 proficere
1018 1802 1060 1823 ne

322 1834 491 1877 paululum
507 1834 639 1877 quidem
654 1834 771 1876 potuit,
785 1845 845 1867 nec
865 1835 996 1877 poterit,
1009 1840 1060 1867 est

323 1877 435 1909 odium
452 1877 586 1910 Hobbii.
601 1877 643 1910 iv.
660 1880 735 1910 273.

324 1920 426 1963 aliqui
440 1931 457 1952 e
474 1921 578 1954 Sociis
600 1931 666 1952 non
681 1920 825 1952 minimae
841 1920 1058 1961 authoritatis,

323 1963 359 1995 in
375 1975 440 2006 qua
454 1971 530 1995 sunt
543 1963 696 2007 opinione
711 1964 752 1996 de
774 1965 886 1997 Vacuo.
902 1963 944 1997 iv.
961 1967 1036 1998 275.

325 2017 422 2049 quam
439 2012 515 2039 sunt
526 2006 604 2039 boni
618 2007 874 2045 ratiocinatores,
885 2012 918 2039 et
933 2018 1006 2050 quae
1017 2008 1060 2040 sit

325 2050 366 2082 ab
381 2050 447 2082 illis
462 2061 502 2082 ex
528 2050 665 2082 ectanda
674 2050 883 2093 philosophia
892 2051 1059 2090 naturalis,

323 2093 486 2136 conjicere
519 2094 583 2126 icet
608 2104 627 2125 a
650 2104 806 2136 responso
829 2094 905 2126 dato
927 2094 978 2126 illi
1001 2095 1059 2169 gui

323 2147 455 2168 causam
484 2138 644 2177 niqredinis
672 2137 880 2169 Hobbianam
906 2137 999 2169 reddi
1024 2138 1058 2170 it.

324 2179 366 2212 iv.
379 2184 441 2212 283
455 2180 596 2212 z—illam
611 2191 672 2223 pro
686 2191 763 2212 vera
778 2180 950 2213 admittere
959 2192 1060 2223 quare

324 2233 392 2254 non
407 2223 548 2255 voluere.
563 2223 642 2256 ibid.

283 2266 708 2299 Amanum—beneficii
734 2272 838 2309 grata,
859 2267 1058 2309 obligantem

327 2320 454 2351 semper
469 2309 601 2350 obligat.
616 2309 665 2343 iii.
683 2313 721 2343 79
731 2310 923 2343 2—habetur
936 2321 997 2353 pro
1007 2322 1058 2343 re-

326 2352 514 2385 tributione.
527 2352 605 2385 ibid.

283 2397 568 2429 Aeelmms—vox
579 2406 644 2438 quo
650 2406 746 2428 sensu
755 2396 1059 2439 intelligenda.i.29.

327 2441 398 2482 ejus
423 2438 580 2471 definitio.
596 2439 616 2471 i.
633 2443 683 2471 91.
705 2439 751 2471 iii.
776 2444 839 2472 280
850 2451 969 2472 :—non
995 2447 1059 2472 tam

327 2482 422 2514 facile
445 2481 645 2522 definitione,
662 2493 759 2524 quam
775 2483 934 2526 exemplis
956 2483 1061 2526 expli-

327 2531 430 2558 catur.
446 2524 466 2557 i.
483 2529 534 2557 91.

327 2579 403 2612 pars
418 2578 527 2600 rorum
543 2568 740 2600 naturalium
755 2579 821 2601 non
844 2574 902 2602 est.
919 2569 939 2602 i.
957 2573 995 2602 91
1011 2583 1060 2602 :—

328 2612 458 2645 videtur
472 2622 543 2643 esse
567 2611 829 2657 aliquierevcra
851 2619 960 2646 autem
979 2612 1062 2645 nihil

329 2662 387 2688 est.
403 2654 449 2687 iii.
467 2658 538 2687 528.

329 2697 512 2731 volentibus
527 2697 592 2730 dici
615 2697 679 2730 sibi
699 2700 835 2730 accidens
854 2711 914 2730 esse
938 2701 1062 2741 aliquid,

328 2741 491 2784 quomodo
505 2740 627 2784 optime
642 2741 865 2783 respondetur.
881 2741 927 2775 iii.
943 2746 994 2775 91.

329 2784 492 2828 quomodo
517 2783 720 2827 intelligatur
740 2784 847 2816 inesse
863 2784 899 2817 in
915 2785 1061 2829 subjecto

329 2838 397 2861 suo.
413 2827 434 2861 i.
451 2831 502 2866 92,
521 2831 590 2859 104.

329 2870 510 2904 accidentia
523 2869 673 2913 quaedam
688 2870 800 2903 abesse
815 2881 833 2903 a
845 2881 981 2914 corpore
990 2871 1061 2905 sine

328 2914 463 2948 interitu
478 2914 559 2957 ejus,
582 2924 646 2946 non
661 2919 806 2957 possunt.
822 2913 843 2947 i.
860 2919 912 2954 92,
927 2919 978 2948 93.

963 220 1162 253 INDEX.

1115 321 1286 364 explorare
1309 331 1350 352 an
1375 323 1542 353 accidentia
1564 330 1630 352 non
1653 320 1720 353 sint
1744 326 1852 353 motus

1120 365 1262 407 quidam,
1279 370 1335 396 aut
1349 364 1449 396 animi
1471 363 1682 407 imaginantis
1706 369 1762 396 aut
1779 374 1853 396 cor-

1119 419 1236 450 porum
1259 407 1415 450 ipsorum,
1440 418 1560 450 magna
1581 417 1658 450 pars
1676 414 1727 440 est
1745 407 1853 450 philo-

1120 451 1243 494 sophiae
1259 451 1425 483 naturalis.
1441 451 1462 483 i.
1479 455 1530 483 93.

1120 506 1159 526 ea
1173 494 1324 536 generari
1340 499 1373 526 et
1388 494 1506 537 perire,
1521 504 1639 537 corpus
1648 503 1715 525 non
1729 492 1819 526 item.
1830 492 1855 526 i.

1121 580 1231 612 omnia
1244 585 1364 623 praeter
1379 580 1638 622 magnitudinem
1649 579 1701 612 vel
1710 579 1855 612 extensi-

1121 635 1216 655 onem
1242 630 1441 666 generantur
1467 630 1500 655 et
1525 627 1672 666 pereunt.
1688 622 1710 655 i.
1728 627 1789 655 103
1802 636 1854 656 :—

1119 673 1241 710 pra-ter
1262 673 1387 699 motum
1408 673 1442 699 et
1465 666 1723 709 magnitudinem
1747 666 1858 698 omnia

1116 716 1193 742 sunt
1206 710 1442 753 phantasmata.
1454 710 1495 742 iv.
1506 714 1567 742 329
1577 719 1697 742 z—non
1709 709 1857 752 objectis,

1121 754 1178 785 sed
1194 753 1349 785 sentienti
1364 753 1574 786 adhaerentia.
1590 751 1670 784 ibid.

1122 797 1273 828 accidens
1298 807 1363 828 non
1379 796 1522 838 migrare
1537 807 1555 829 e
1570 796 1728 839 subjecto.
1742 794 1765 827 i.
1780 799 1856 830 104:

1120 851 1270 882 —neque
1285 839 1418 872 moveri.
1434 840 1513 872 ibid.

1122 883 1299 915 accidentis
1324 883 1496 926 productio
1520 883 1572 915 vel
1594 881 1758 921 interitus,
1778 882 1858 916 facit

1121 933 1158 958 ut
1173 927 1354 968 subjectum
1376 927 1447 969 ejus
1467 926 1596 959 dicatur
1619 927 1740 964 mutar-2⁰,
1756 926 1858 959 solius

1122 981 1197 1001 vero
1210 969 1332 1007 formae,
1349 975 1385 1001 ut
1399 969 1528 1002 dicatur
1542 967 1694 1012 generari
1705 969 1758 1000 vel
1771 969 1857 1002 inte·

1120 1013 1196 1045 rire.
1212 1012 1233 1045 i.
1253 1017 1311 1045 104
1325 1013 1558 1046 :—accidentia
1572 1017 1649 1046 sunt
1662 1011 1784 1054 genitg
1799 1012 1858 1045 sed

1123 1067 1189 1088 non
1204 1067 1266 1088 res.
1282 1056 1361 1088 ibid.

1121 1099 1156 1131 in
1171 1099 1316 1142 patiente
1339 1105 1540 1142 generatum,
1564 1101 1687 1143 qffectus
1714 1098 1858 1143 appella-

1124 1149 1186 1174 tur.
1203 1142 1224 1175 i.
1246 1146 1314 1175 107.

1123 1185 1274 1217 accidens
1292 1185 1498 1228 productum,
1517 1192 1669 1229 respectu
1690 1197 1799 1219 causae
1812 1189 1859 1228 es·

1114 1233 1227 1270 sectus,
1242 1235 1392 1271 respectu
1401 1229 1557 1272 potentioe
1571 1237 1656 1263 actus
1666 1230 1859 1274 appellatur.

1124 1272 1145 1304 i.
1170 1276 1239 1304 114.

1124 1315 1387 1347 individuitatem
1402 1321 1452 1347 est
1466 1315 1523 1358 qui
1537 1316 1716 1349 consistam
1730 1316 1811 1349 dicit
1824 1315 1860 1348 in

1125 1358 1250 1390 unitate
1265 1359 1436 1401 aggregati
1447 1358 1593 1391 omnium
1602 1359 1701 1392 simul
1711 1359 1860 1393 weiden-

1126 1401 1219 1434 tium.
1234 1401 1255 1434 i.
1276 1406 1346 1434 121.

1126 1444 1315 1484 accidentia,
1331 1444 1378 1476 dii
1393 1444 1525 1478 ethnici.
1541 1445 1587 1478 iii.
1604 1448 1655 1479 90.

1125 1487 1306 1520 accidentia
1325 1488 1472 1530 jucunda
1497 1494 1530 1520 et
1551 1489 1689 1522 molesta
1711 1494 1862 1522 concate-

1125 1537 1246 1563 nantur
1259 1531 1486 1564 insolubiliter.
1502 1531 1549 1564 iii.
1564 1536 1638 1566 263.

1084 1574 1458 1607 Accnsxrlo-minore
1493 1574 1622 1618 indiget
1665 1575 1862 1620 eloquentia,

1127 1629 1226 1660 quam
1241 1618 1398 1650 defensio.
1413 1617 1462 1650 iii.
1481 1622 1551 1651 144.

1085 1661 1405 1693 Actum—furtum
1420 1661 1585 1694 detectum
1602 1673 1664 1706 per
1683 1667 1798 1696 sortes.
1811 1661 1863 1696 iii.

1085 1748 1384 1791 Acamans—ejus
1398 1748 1448 1780 ira
1461 1753 1575 1781 contra
1591 1749 1735 1782 Graecos.
1744 1748 1779 1782 ii.
1791 1753 1862 1782 105.

1127 1791 1212 1823 forte
1235 1794 1342 1823 iterum
1367 1793 1410 1823 ad
1436 1793 1563 1835 Trojam
1583 1804 1708 1834 magnus
1731 1794 1864 1824 mittetur

1128 1836 1270 1867 Achilles.
1286 1835 1332 1867 iii.
1349 1839 1421 1868 502.

1128 1877 1500 1920 argumentumZenonis
1509 1883 1624 1911 contra
1632 1883 1767 1918 motum,
1774 1878 1863 1922 quod

1128 1921 1311 1964 appellatur
1325 1923 1465 1953 Achilles.
1479 1921 1501 1954 i.
1518 1924 1606 1955 56-7.
1621 1933 1650 1954 v.
1664 1925 1775 1955 207·8.

1085 1964 1277 1997 Ac'rxo—et
1296 1964 1418 1997 reactio
1440 1975 1500 2008 per
1521 1965 1659 1997 eandem
1680 1964 1863 2008 procedunt

1128 2007 1256 2040 lineam.
1272 2007 1293 2040 i.
1307 2012 1380 2041 284.

1127 2051 1272 2083 actiones
1286 2050 1477 2083 voluntariae
1492 2056 1577 2090 sunt,
1593 2061 1667 2093 quae
1680 2051 1864 2094 profiscun-

1128 2100 1182 2126 tur
1197 2095 1238 2127 ab
1257 2093 1425 2126 aversione
1439 2093 1490 2126 vel
1505 2100 1603 2126 metu.
1617 2093 1665 2126 iii.
1679 2098 1734 2127 49.

1127 2137 1240 2170 eadem
1266 2148 1332 2170 uno
1355 2143 1502 2180 tempore
1523 2147 1626 2179 oequa,
1651 2136 1716 2170 alio
1738 2137 1864 2181 iniqua,

1128 2191 1194 2213 uno
1207 2187 1353 2223 tempore
1367 2191 1442 2213 cum
1456 2180 1592 2218 ratione,
1607 2179 1673 2212 alio
1687 2186 1810 2214 contm
1825 2181 1861 2214 ii.

1132 2223 1338 2257 1962—unde
1353 2223 1400 2262 fit,
1422 2229 1460 2256 ut
1475 2223 1559 2255 actio
1574 2222 1688 2256 eadem
1699 2222 1701 2225 ’
1711 2223 1864 2258 laudetur

1128 2267 1169 2299 ab
1184 2267 1246 2305 his,
1262 2267 1412 2309 culpetur
1426 2267 1467 2298 ab
1482 2266 1557 2298 illis.
1572 2266 1606 2299 ii.
1626 2270 1696 2300 197.

1127 2310 1212 2343 actio
1232 2316 1266 2343 et
1293 2309 1412 2353 passio,
1437 2310 1580 2342 mediata
1606 2315 1640 2343 et
1664 2309 1866 2344 immediata.

1127 2353 1148 2386 i.
1168 2356 1237 2387 107.

1126 2397 1162 2428 in
1178 2395 1384 2434 causationis.
1399 2396 1435 2428 id
1450 2401 1500 2429 est
1522 2396 1660 2430 actionis
1683 2402 1717 2430 et
1741 2396 1865 2440 passio·

1128 2440 1190 2477 nis,
1212 2438 1451 2483 progressione,
1473 2451 1549 2482 pars
1569 2440 1675 2484 prima
1696 2445 1734 2473 ut
1754 2451 1863 2481 causa,

1128 2493 1203 2533 pars
1219 2482 1334 2515 ultima
1348 2488 1384 2515 ut
1399 2484 1533 2516 effectus
1548 2483 1785 2516 consideranda
1801 2489 1864 2517 est.

1129 2537 1149 2559 1.
1166 2530 1285 2558 109-10
1298 2525 1492 2569 :—partium
1507 2526 1777 2559 inter-mediarum
1797 2537 1863 2560 uns

1129 2579 1278 2612 qumque,
1300 2574 1338 2601 ut
1360 2575 1393 2601 et
1417 2580 1515 2602 causa
1535 2576 1570 2603 et
1593 2568 1736 2603 effectus.
1751 2570 1773 2602 i.
1792 2573 1863 2604 llo.

1129 2623 1168 2644 ea
1179 2623 1243 2654 qua
1257 2618 1371 2644 contra
1385 2623 1547 2645 summum
1570 2613 1744 2646 habentem
1758 2613 1863 2656 impo-

1129 2655 1215 2687 rium
1230 2655 1405 2698 aliquando
1419 2655 1493 2698 lege
1510 2656 1564 2699 agi
1588 2661 1707 2700 potest,
1722 2667 1788 2688 non
1812 2661 1864 2690 eet

1121 2701 1207 2742 ἱῘιινίε
1220 2700 1323 2738 civilis,
1336 2699 1392 2731 sed
1408 2701 1556 2741 inquitatis
1566 2700 1724 2732 naturalia.
1736 2699 1770 2732 ii.
1779 2703 1862 2733 228:

1128 2753 1207 2774 —ea
1235 2742 1362 2774 actione
1391 2753 1458 2774 non
1483 2743 1652 2786 quaeritur,
1681 2753 1723 2775 nn
1748 2742 1865 2776 civius

1128 2795 1198 2817 rem
1214 2785 1381 2827 possidere
1389 2786 1466 2829 jure
1481 2786 1595 2829 possit,
1606 2785 1664 2818 sed
1678 2796 1719 2818 an
1734 2785 1864 2829 lefflbus

1128 2834 1204 2860 ante
1230 2827 1304 2861 latis
1328 2839 1400 2861 eam
1421 2829 1590 2872 possidere
1612 2827 1760 2863 voluerit.
1782 2827 1863 2863 ibid.

1128 2881 1150 2903 n

1129 2895 1217 2957 quod
1232 2913 1317 2948 actio
1331 2914 1416 2959 legis
1441 2919 1607 2960 competat
1619 2914 1686 2949 civi
1708 2914 1864 2949 adversus
