1982 3204
446 302 694 341 ALIQUOT
720 301 1083 337 GEOMETRICA
1110 301 1228 335 n‘rc.
1442 291 1531 334 155

145 422 198 463 et
236 412 433 462 defectu
473 413 771 462 definitionis
808 414 912 477 ejus
943 421 1129 461 temere
1161 411 1222 459 de
1253 418 1430 460 natura
1459 411 1536 460 in-
1617 425 1707 452 cn.
1729 424 1756 450 ¹·

128 489 275 552 finiti
293 489 598 553 disputantes
615 498 915 547 erraverunt,
935 505 1027 552 ego
1045 488 1115 536 sic
1135 487 1344 535 definio:
1375 487 1538 543 Quan-
1574 513 1618 541 0„
1632 512 1772 550 ..Q-0020,

146 564 270 612 titas
294 571 370 612 est
393 565 685 629 magnitudo
720 564 1052 613 determinata
1082 562 1393 626 undiquaque
1412 579 1430 615 ;
1455 561 1542 609 'vel
1572 556 1799 594 P⁶¹²⁴²⁵P³³¹⁰¹⁶·

137 655 239 703 per
261 640 632 705 expositionem,
658 646 711 687 ut
739 639 972 704 quoerenti
1005 644 1191 703 quanta
1227 636 1298 684 sit
1331 652 1539 700 respon-

147 715 328 763 deatur
352 723 583 779 quantam
608 715 770 774 vides;
808 714 887 762 vel
900 729 998 778 per
1029 711 1462 777 comparationem,
1487 718 1541 759 ut

147 791 503 855 respondeatur
544 797 732 838 tantam
786 806 896 838 esse
943 795 1150 853 quantus
1182 794 1258 836 est
1302 803 1427 835 unus
1463 787 1544 835 vel

139 866 322 931 plures
339 867 513 932 pede-3,
536 865 616 914 vel
637 865 740 914 alio
764 865 904 912 modo
927 864 1099 912 simili.
1504 856 1536 903 N*

217 941 315 990 Sed
350 957 496 1005 supra
537 941 702 989 omnia
738 940 952 987 rationis
989 938 1326 987 definitionem
1361 937 1542 985 habere

149 1024 429 1064 accuratam
454 1016 614 1074 debet,
640 1024 691 1063 et
714 1014 1139 1078 comparationum
1162 1013 1423 1061 varietates
1444 1030 1455 1060 z
1491 1020 1544 1060 et

148 1100 389 1156 praeterea
404 1091 619 1139 rationes
638 1090 836 1147 addere,
854 1090 1181 1147 substrahere,
1198 1087 1542 1152 multiplicare,

150 1174 201 1215 et
222 1166 440 1215 dividere
464 1166 602 1214 sciat.
657 1167 799 1223 Quae,
819 1166 911 1213 etsi
929 1166 1162 1229 pleraque
1187 1164 1457 1212 doceantur
1479 1164 1542 1211 ab

149 1242 352 1290 Euclide
375 1250 426 1290 et
449 1242 578 1290 iuius
603 1242 970 1306 interpretibus,
994 1241 1227 1289 reducam
1250 1248 1418 1288 tamen
1441 1239 1543 1287 fere

151 1318 315 1367 omnia
337 1318 400 1366 ad
423 1326 572 1381 caput
595 1318 889 1381 proximum.

218 1393 431 1457 Cognita
454 1394 662 1442 materia
684 1402 735 1442 et
759 1393 878 1456 quid
900 1393 952 1440 in
975 1392 1059 1440 illa
1082 1391 1359 1455 quaerimus,
1383 1390 1570 1454 proxi?

150 1485 287 1517 mum
311 1478 387 1517 est
400 1469 663 1533 principia
687 1484 895 1517 sumere.
967 1468 1118 1531 Cujus
1140 1467 1211 1515 rei
1233 1466 1499 1532 principia
1515 1469 1544 1514 ‚2

153 1545 399 1608 Principia
421 1545 656 1603 scientiae,
677 1545 779 1592 sive
808 1543 994 1592 sciendi
1026 1543 1075 1590 id
1100 1542 1232 1606 quod
1266 1542 1545 1606 quaerimus.

155 1621 281 1670 Seiri
317 1630 483 1669 autem
521 1629 701 1684 praeter
731 1621 962 1668 veritates
996 1618 1118 1667 nihil
1154 1626 1337 1682 potest.
1408 1617 1546 1666 Prin-

154 1696 283 1760 cipia
326 1696 478 1760 igitur
521 1696 883 1744 mathematicae
923 1702 1038 1743 sunt
1071 1695 1311 1742 veritates
1341 1693 1546 1758 primae,

156 1787 280 1836 quas
302 1787 402 1820 non
426 1771 676 1831 docemur,
692 1771 779 1820 sed
800 1771 984 1819 lumine
1009 1770 1222 1818 naturali
1238 1769 1382 1818 simul
1399 1784 1550 1832 agno-

153 1848 333 1897 scimus
350 1864 408 1896 ac
438 1848 768 1912 proferuntur.
839 1846 1201 1910 Propositiones
1236 1861 1353 1909 ergo
1367 1844 1548 1910 primoe

154 1923 478 1988 appellantur,
503 1924 620 1986 quia
654 1939 718 1971 ex
757 1922 853 1970 illis
888 1922 1034 1986 primi
1066 1921 1285 1969 omnium
1320 1927 1549 1968 constant

155 1998 437 2063 syllogismi.
526 1999 640 2047 Non
687 1999 838 2061 igitur
878 1996 1096 2045 scientiae
1142 1996 1416 2058 subjectum
1462 2004 1549 2043 aut

155 2090 268 2138 pars
290 2075 395 2138 ejus
419 2073 586 2135 aliqua
601 2073 899 2137 principium
922 2071 1185 2120 dicendum
1208 2079 1298 2130 est,
1318 2078 1374 2119 ut
1396 2087 1550 2135 punc-

155 2157 263 2198 tum
279 2150 577 2213 geometriae,
596 2149 674 2197 vel
698 2150 861 2197 unitas
878 2147 1216 2206 arithmeticae,
1238 2154 1292 2195 ut
1314 2147 1550 2211 magister

158 2225 358 2289 quidam
375 2225 569 2288 publice
594 2224 792 2273 docuit:
828 2224 922 2272 etsi
940 2223 1310 2272 Elementorum
1332 2222 1550 2271 Euclidis

157 2300 283 2350 liber
316 2301 503 2365 primus
539 2300 741 2364 incipiat
780 2316 811 2348 a
848 2307 1051 2364 puncto,
1082 2306 1133 2347 et
1162 2298 1286 2347 liber
1315 2298 1550 2362 septimus

159 2376 222 2425 ab
244 2377 448 2425 unitate.

227 2451 472 2516 Principia
494 2451 871 2508 mathematicae,
890 2466 978 2498 seu
1000 2450 1358 2514 propositiones
1380 2449 1552 2512 primae

161 2534 278 2575 sunt
318 2526 647 2590 dffinitiones.
718 2525 816 2574 Sed
850 2542 947 2585 eas,
972 2534 1030 2574 ut
1053 2525 1198 2574 utiles
1221 2540 1326 2573 esse
1349 2524 1551 2587 possint,

162 2617 263 2650 uon
285 2602 432 2650 modo
454 2618 612 2661 veras,
635 2601 723 2650 sed
745 2601 894 2649 etiam
917 2609 1172 2649 accuratas
1195 2615 1299 2648 esse
1323 2606 1551 2663 oportet:

163 2692 228 2725 ne
243 2677 296 2725 in
308 2677 543 2725 varietate
561 2685 702 2725 tanta
716 2676 1129 2740 significationum
1146 2682 1233 2723 aut
1254 2690 1343 2738 per
1364 2674 1555 2722 incerta

164 2751 552 2816 progrediamur,
577 2760 633 2801 ut
654 2753 905 2816 perpetuis
936 2750 1333 2800 distinctionibus
1356 2748 1554 2797 tramite

167 2826 372 2892 depulsi,
408 2836 646 2890 perpetuo
682 2828 915 2886 rixantes,
953 2826 1211 2874 veritatem
1256 2824 1552 2872 amittamus.

168 2894 594 2952 Quemadmodum
612 2902 743 2951 enim
768 2902 819 2950 in
843 2900 1006 2951 media
1028 2916 1208 2949 corona
1233 2898 1553 2947 molossorum
