1982 3204
603 300 858 336 anSURA
885 300 1104 335 Bnnws,
1473 294 1536 336 65

217 406 362 458 Dicet
383 408 606 469 fortasse,
632 410 764 475 quod
790 411 937 459 verba
959 412 1064 474 ejus
1101 428 1200 460 non
1230 419 1362 461 recte
1386 414 1534 462 inter-

148 493 333 549 pretor.
403 486 527 533 Cum
551 486 680 534 enim
703 487 828 534 ratio
851 487 958 550 ipsa
980 487 1043 534 sit
1062 488 1323 549 quantitas,
1339 496 1388 537 et
1411 491 1537 538 ratio

150 574 251 607 una
278 576 377 608 una
395 561 659 624 quantitas,
674 569 724 610 et
742 562 905 625 plures
928 563 1143 610 rationes
1166 564 1372 612 totidem
1389 573 1539 628 quan-

148 635 348 684 titates:
385 652 489 694 cur,
514 637 720 700 inquies,
752 653 850 685 non
891 638 1054 700 potuit
1088 653 1179 701 pro
1215 654 1314 686 una
1351 641 1539 688 ratione

150 727 333 774 ponere
358 720 680 775 exponentem
712 727 858 760 unam
882 712 1076 760 literam
1093 713 1151 771 A,
1171 729 1260 776 pro
1284 714 1440 763 altera
1462 717 1502 763 E
1523 715 1538 761 ἓ

152 786 503 850 Respondebis,
526 787 759 851 potuisse.
830 787 927 836 Sed
950 788 1165 836 rationes
1188 789 1319 837 iuter
1337 805 1389 838 se
1408 798 1540 839 certe

151 861 476 926 multiplicare
499 877 599 910 non
623 862 799 926 potuit.
872 863 1123 926 Quicquid
1154 864 1284 912 enim
1307 865 1540 931 multipli-

150 944 308 996 catur,
336 952 426 1000 per
458 952 714 984 numerum
754 936 1125 1000 multiplicatur.
1193 939 1257 987 Et
1280 940 1320 987 si
1344 940 1463 1003 quid
1484 942 1542 988 fit

149 1027 213 1061 ex
258 1011 412 1060 ductu
451 1012 782 1076 quantitatum
822 1015 1182 1073 continuarum,
1224 1015 1541 1064 efficientium

149 1089 359 1136 alterum
382 1087 477 1136 erit
499 1088 642 1136 linea.
715 1089 863 1138 Quod
886 1090 927 1138 si
951 1090 1158 1138 duarum
1183 1092 1425 1140 rationum
1444 1093 1541 1152 (ex-

149 1162 298 1226 empli
321 1178 482 1221 causa,
506 1169 536 1211 2
561 1163 625 1211 ad
649 1171 696 1222 3,
721 1172 771 1212 et
789 1171 817 1212 4
844 1165 907 1212 ad
926 1166 978 1226 7)
1007 1174 1219 1229 quatuor
1242 1167 1312 1214 illi
1335 1169 1541 1224 numeri,

149 1237 251 1286 sive
274 1239 589 1302 quantitates,
628 1240 908 1289 scribantur
931 1241 982 1289 in
1004 1241 1162 1290 forma
1186 1241 1394 1291 duarum
1417 1244 1544 1291 frac-

146 1313 356 1373 tionum,
380 1314 476 1362 hoc
499 1314 647 1363 modo
671 1313 735 1376 -}-‚
753 1315 814 1379 -;-,
838 1316 1153 1380 multiplicari
1189 1317 1319 1366 inter
1346 1334 1398 1367 se
1433 1335 1544 1382 pos-

149 1397 281 1448 sunt,
304 1397 357 1437 et
379 1389 562 1438 facient
582 1387 653 1451 -,}.
722 1391 786 1439 Et
826 1392 954 1440 ratio
984 1397 1015 1440 8
1038 1392 1102 1441 ad
1125 1399 1207 1451 21,
1232 1395 1563 1457 componitur

149 1479 211 1512 ex
246 1465 519 1513 rationibus
555 1472 585 1514 2
620 1465 685 1514 ad
713 1471 760 1525 3,
797 1474 845 1515 et
875 1473 904 1515 4
945 1467 1009 1515 ad
1050 1470 1096 1522 7.
1170 1468 1268 1517 Sed
1308 1485 1466 1533 neque
1495 1469 1543 1530 ξ,

148 1554 310 1603 neque
332 1539 378 1604 ;-,
403 1556 560 1604 neque
585 1539 635 1601 ᾗ
659 1549 735 1589 est
758 1542 901 1598 ratio,
921 1542 1008 1590 sed
1031 1544 1279 1606 quantitas
1304 1545 1543 1593 absoluta.

150 1615 324 1678 Itaque
361 1615 414 1663 id
449 1615 584 1679 quod
619 1616 849 1665 Euclides
881 1625 1026 1666 vocat
1066 1619 1312 1667 rationum
1350 1619 1544 1683 quanti-

148 1698 292 1749 tates,
337 1699 452 1740 sunt
503 1701 916 1755 comparatamm,
970 1708 1071 1741 non
1123 1695 1544 1758 comparationum

149 1766 463 1830 quantitates.
533 1767 694 1815 Causa
733 1768 884 1831 igitur
923 1784 1076 1832 quare
1121 1770 1393 1833 propositio
1426 1786 1545 1819 vera

149 1849 243 1900 est,
265 1858 366 1891 non
389 1850 464 1892 est
487 1842 708 1891 definitio
733 1844 815 1892 illa
839 1844 1012 1907 quinta
1030 1845 1185 1893 Elem.
1204 1845 1269 1902 vi,
1292 1853 1440 1908 prout
1463 1846 1544 1894 ille

152 1934 263 1966 eam
318 1918 564 1982 intelligit,
606 1919 691 1967 sed
727 1919 882 1968 Elem.
907 1921 955 1968 vi
979 1921 1247 1984 propositio
1275 1928 1357 1981 23,
1398 1938 1544 1986 quam

152 1993 235 2042 ille
272 1995 580 2058 transcripsit
625 1995 886 2044 Ghebriee.
957 1997 1064 2060 Ego
1087 2013 1204 2045 vero
1243 1996 1466 2056 eandem,
1490 2006 1545 2046 ut

153 2069 305 2129 vides,
329 2086 389 2118 ex
422 2070 528 2133 ipsa
562 2070 849 2119 definitione
881 2071 1226 2121 demonstravi.
1299 2073 1543 2121 Caeterum

153 2144 392 2194 hactenus
428 2146 735 2195 excusandus
765 2147 1003 2196 Wallius*
1039 2156 1131 2206 est,
1171 2149 1304 2212 quod
1345 2149 1545 2197 Clavius

153 2219 489 2269 definitionem
531 2222 680 2280 illam,
712 2230 763 2270 et
799 2222 1135 2271 definitionem
1173 2224 1377 2273 rationis
1413 2225 1544 2288 apud

155 2294 430 2355 Euclidem,
454 2312 554 2346 non
579 2297 752 2346 melius
776 2298 1018 2347 intellexit
1040 2314 1187 2362 quam
1212 2299 1308 2348 ille.

623 2462 956 2499 PROPOSITIO
983 2465 1069 2499 111.

229 2528 328 2587 Ubi
358 2539 492 2587 ratio
525 2555 587 2587 ex
618 2539 811 2588 duabus
846 2542 1168 2607 componitur,
1193 2542 1320 2590 data
1352 2558 1544 2607 compo-

153 2612 273 2671 sita,
296 2620 348 2662 et
370 2615 750 2680 componentium
774 2633 888 2676 una,
912 2617 1065 2666 datur
1086 2618 1266 2666 altera.
1339 2619 1544 2683 Nempe,

154 2687 314 2736 diviso
334 2697 605 2755 exponente
626 2692 910 2756 compositae
936 2709 1034 2757 per
1058 2694 1194 2742 datae
1215 2694 1544 2758 componentis

154 2771 487 2827 exponentem,
505 2772 558 2813 ut
575 2766 819 2815 habeatur
836 2785 1086 2833 exponens
1105 2768 1316 2833 reliquoe.
1400 2769 1542 2816 Simi-

661 2925 684 2948 '
706 2925 772 2964 Sic
790 2926 882 2964 edit.
908 2926 1021 2965 1671.

291 2989 413 3024 vm..
443 2991 492 3025 V.
1382 2994 1410 3027 F

1598 433 1708 459 PROP.
1731 432 1773 459 11.

1593 477 1783 501 -W-j
