<?xml version="1.0" encoding="UTF-8"?>
<!DOCTYPE html PUBLIC "-//W3C//DTD XHTML 1.0 Transitional//EN"
    "http://www.w3.org/TR/xhtml1/DTD/xhtml1-transitional.dtd">
<html xmlns="http://www.w3.org/1999/xhtml" xml:lang="en" lang="en">
 <head>
  <title>
</title>
<meta http-equiv="Content-Type" content="text/html;charset=utf-8" />
  <meta name='ocr-system' content='tesseract 3.04.00' />
  <meta name='ocr-capabilities' content='ocr_page ocr_carea ocr_par ocr_line ocrx_word'/>
</head>
<body>
  <div class='ocr_page' id='page_1' title='image "./operaphilosophic05hobbuoft/operaphilosophic05hobbuoft_0209.png"; bbox 0 0 1982 3204; ppageno 0'>
   <div class='ocr_carea' id='block_1_1' title="bbox 491 265 1567 317">
    <p class='ocr_par' dir='ltr' id='par_1_1' title="bbox 491 265 1567 317">
     <span class='ocr_line' id='line_1_1' title="bbox 491 265 1567 317; baseline -0.003 -6"><span class='ocrx_word' id='word_1_1' title='bbox 491 277 737 317; x_wconf 73' lang='grc' dir='ltr'>Αιιαυοτ</span> <span class='ocrx_word' id='word_1_2' title='bbox 763 274 1121 311; x_wconf 70' lang='lat' dir='ltr'><em>ossoMerch</em></span> <span class='ocrx_word' id='word_1_3' title='bbox 1154 274 1269 308; x_wconf 74' lang='lat' dir='ltr'><em>mc.</em></span> <span class='ocrx_word' id='word_1_4' title='bbox 1476 265 1567 309; x_wconf 85' lang='lat'><em>201</em></span> 
     </span>
    </p>
   </div>
   <div class='ocr_carea' id='block_1_2' title="bbox 186 385 1796 451">
    <p class='ocr_par' dir='ltr' id='par_1_2' title="bbox 186 385 1796 451">
     <span class='ocr_line' id='line_1_2' title="bbox 186 385 1796 451; baseline -0.006 -15"><span class='ocrx_word' id='word_1_5' title='bbox 186 388 523 451; x_wconf 79' lang='lat' dir='ltr'>geometriam,</span> <span class='ocrx_word' id='word_1_6' title='bbox 546 396 663 436; x_wconf 86' lang='lat' dir='ltr'><em>sunt</em></span> <span class='ocrx_word' id='word_1_7' title='bbox 685 387 931 451; x_wconf 69' lang='lat' dir='ltr'><em>praecipue</em></span> <span class='ocrx_word' id='word_1_8' title='bbox 949 385 1171 433; x_wconf 81' lang='lat' dir='ltr'><em>surditas</em></span> <span class='ocrx_word' id='word_1_9' title='bbox 1190 401 1507 443; x_wconf 80' lang='lat' dir='ltr'><em>numerorum,</em></span> <span class='ocrx_word' id='word_1_10' title='bbox 1524 393 1576 433; x_wconf 92' lang='lat' dir='ltr'><em>et</em></span> <span class='ocrx_word' id='word_1_11' title='bbox 1644 400 1734 427; x_wconf 64' lang='lat' dir='ltr'><em>cn.</em></span> <span class='ocrx_word' id='word_1_12' title='bbox 1756 400 1796 427; x_wconf 84' lang='lat' dir='ltr'><em>x.</em></span> 
     </span>
    </p>
   </div>
   <div class='ocr_carea' id='block_1_3' title="bbox 186 459 1859 601">
    <p class='ocr_par' dir='ltr' id='par_1_3' title="bbox 186 459 1859 601">
     <span class='ocr_line' id='line_1_3' title="bbox 187 459 1859 528; baseline -0.003 -17"><span class='ocrx_word' id='word_1_13' title='bbox 187 463 451 528; x_wconf 78' lang='lat' dir='ltr'><em>longitudo</em></span> <span class='ocrx_word' id='word_1_14' title='bbox 469 463 574 511; x_wconf 82' lang='lat' dir='ltr'><em>sine</em></span> <span class='ocrx_word' id='word_1_15' title='bbox 592 462 870 521; x_wconf 82' lang='lat' dir='ltr'><em>latitudine,</em></span> <span class='ocrx_word' id='word_1_16' title='bbox 886 470 934 510; x_wconf 87' lang='lat' dir='ltr'><em>et</em></span> <span class='ocrx_word' id='word_1_17' title='bbox 953 460 1166 509; x_wconf 83' lang='lat' dir='ltr'><em>latitudo</em></span> <span class='ocrx_word' id='word_1_18' title='bbox 1183 460 1293 507; x_wconf 86' lang='lat' dir='ltr'><em>sine</em></span> <span class='ocrx_word' id='word_1_19' title='bbox 1316 459 1573 507; x_wconf 71' lang='lat' dir='ltr'><em>crassitie:</em></span> <span class='ocrx_word' id='word_1_20' title='bbox 1593 493 1702 522; x_wconf 58' lang='lat' dir='ltr'><em>,mm</em></span> <span class='ocrx_word' id='word_1_21' title='bbox 1713 492 1859 521; x_wconf 52' lang='lat' dir='ltr'><em>dmm,</em></span> 
     </span>
     <span class='ocr_line' id='line_1_4' title="bbox 186 533 1858 601; baseline -0.004 -16"><span class='ocrx_word' id='word_1_22' title='bbox 186 547 238 586; x_wconf 91' lang='lat' dir='ltr'><em>et</em></span> <span class='ocrx_word' id='word_1_23' title='bbox 262 554 418 601; x_wconf 86' lang='lat' dir='ltr'>nuper</span> <span class='ocrx_word' id='word_1_24' title='bbox 432 537 715 585; x_wconf 86' lang='lat' dir='ltr'><em>introducta</em></span> <span class='ocrx_word' id='word_1_25' title='bbox 733 537 957 585; x_wconf 89' lang='lat' dir='ltr'><em>doctrina</em></span> <span class='ocrx_word' id='word_1_26' title='bbox 960 535 1273 599; x_wconf 81' lang='lat' dir='ltr'><em>fractionem</em></span> <span class='ocrx_word' id='word_1_27' title='bbox 1292 549 1402 581; x_wconf 90' lang='lat' dir='ltr'><em>esse</em></span> <span class='ocrx_word' id='word_1_28' title='bbox 1419 533 1575 581; x_wconf 86' lang='lat' dir='ltr'><em>ratio·</em></span> <span class='ocrx_word' id='word_1_29' title='bbox 1590 543 1620 564; x_wconf 76' lang='lat'><em>‘²</em></span> <span class='ocrx_word' id='word_1_30' title='bbox 1641 546 1741 564; x_wconf 55' lang='lat' dir='ltr'><em>mmm</em></span> <span class='ocrx_word' id='word_1_31' title='bbox 1760 545 1858 574; x_wconf 47' lang='lat'><strong>⁸¹¹1*-</strong></span> 
     </span>
    </p>
   </div>
   <div class='ocr_carea' id='block_1_4' title="bbox 1593 580 1784 609">
    <p class='ocr_par' dir='ltr' id='par_1_4' title="bbox 1593 580 1784 609">
     <span class='ocr_line' id='line_1_5' title="bbox 1593 580 1784 609; baseline 0 -1"><span class='ocrx_word' id='word_1_32' title='bbox 1593 580 1715 609; x_wconf 71' lang='lat' dir='ltr'><em>ficiebun</em></span> <span class='ocrx_word' id='word_1_33' title='bbox 1728 585 1784 609; x_wconf 67' lang='lat' dir='ltr'><em>etc.</em></span> 
     </span>
    </p>
   </div>
   <div class='ocr_carea' id='block_1_5' title="bbox 183 608 1575 677">
    <p class='ocr_par' dir='ltr' id='par_1_5' title="bbox 183 608 1575 677">
     <span class='ocr_line' id='line_1_6' title="bbox 183 608 1575 677; baseline -0.004 -16"><span class='ocrx_word' id='word_1_34' title='bbox 183 630 308 670; x_wconf 65' lang='lat' dir='ltr'><em>nera,</em></span> <span class='ocrx_word' id='word_1_35' title='bbox 332 613 471 677; x_wconf 81' lang='lat' dir='ltr'><strong>quasi</strong></span> <span class='ocrx_word' id='word_1_36' title='bbox 495 613 751 661; x_wconf 91' lang='lat' dir='ltr'><em>dimidium</em></span> <span class='ocrx_word' id='word_1_37' title='bbox 775 620 904 660; x_wconf 90' lang='lat' dir='ltr'><em>esset</em></span> <span class='ocrx_word' id='word_1_38' title='bbox 939 611 1064 659; x_wconf 91' lang='lat' dir='ltr'><em>ratio</em></span> <span class='ocrx_word' id='word_1_39' title='bbox 1088 609 1277 658; x_wconf 89' lang='lat' dir='ltr'><em>dimidii</em></span> <span class='ocrx_word' id='word_1_40' title='bbox 1301 608 1365 657; x_wconf 91' lang='lat' dir='ltr'><em>ad</em></span> <span class='ocrx_word' id='word_1_41' title='bbox 1400 616 1575 657; x_wconf 89' lang='lat' dir='ltr'><em>totum.</em></span> 
     </span>
    </p>
   </div>
   <div class='ocr_carea' id='block_1_6' title="bbox 750 792 1014 804">
    <p class='ocr_par' dir='ltr' id='par_1_6' title="bbox 750 792 1014 804">
     <span class='ocr_line' id='line_1_7' title="bbox 750 792 1014 804; baseline 0 0"><span class='ocrx_word' id='word_1_42' title='bbox 750 792 1014 804; x_wconf 95' lang='lat' dir='ltr'><em> </em></span> 
     </span>
    </p>
   </div>
   <div class='ocr_carea' id='block_1_7' title="bbox 751 830 1557 972">
    <p class='ocr_par' dir='ltr' id='par_1_7' title="bbox 751 830 1557 972">
     <span class='ocr_line' id='line_1_8' title="bbox 1523 830 1557 879; baseline 0 0"><span class='ocrx_word' id='word_1_43' title='bbox 1523 830 1557 879; x_wconf 55' lang='lat' dir='ltr'>X</span> 
     </span>
     <span class='ocr_line' id='line_1_9' title="bbox 751 924 1020 972; baseline -0.004 0"><span class='ocrx_word' id='word_1_44' title='bbox 751 924 891 972; x_wconf 82' lang='lat' dir='ltr'><em>CAP.</em></span> <span class='ocrx_word' id='word_1_45' title='bbox 928 924 1020 971; x_wconf 91' lang='lat' dir='ltr'><em>XI.</em></span> 
     </span>
    </p>
   </div>
   <div class='ocr_carea' id='block_1_8' title="bbox 607 1040 1143 1088">
    <p class='ocr_par' dir='ltr' id='par_1_8' title="bbox 607 1040 1143 1088">
     <span class='ocr_line' id='line_1_10' title="bbox 607 1040 1143 1088; baseline -0.002 0"><span class='ocrx_word' id='word_1_46' title='bbox 607 1040 687 1088; x_wconf 88' lang='lat' dir='ltr'><em>De</em></span> <span class='ocrx_word' id='word_1_47' title='bbox 710 1040 1143 1088; x_wconf 73' lang='lat' dir='ltr'><em>demonstratione.</em></span> 
     </span>
    </p>
   </div>
   <div class='ocr_carea' id='block_1_9' title="bbox 175 1140 1582 2938">
    <p class='ocr_par' dir='ltr' id='par_1_9' title="bbox 175 1140 1581 2111">
     <span class='ocr_line' id='line_1_11' title="bbox 187 1140 1577 1204; baseline -0.002 -15"><span class='ocrx_word' id='word_1_48' title='bbox 187 1141 269 1190; x_wconf 73' lang='lat' dir='ltr'><em>Du</em></span> <span class='ocrx_word' id='word_1_49' title='bbox 310 1141 726 1189; x_wconf 76' lang='lat' dir='ltr'><em>demonstratione</em></span> <span class='ocrx_word' id='word_1_50' title='bbox 760 1141 973 1189; x_wconf 87' lang='lat' dir='ltr'><em>dubitari</em></span> <span class='ocrx_word' id='word_1_51' title='bbox 1006 1140 1167 1204; x_wconf 87' lang='lat' dir='ltr'><em>primo</em></span> <span class='ocrx_word' id='word_1_52' title='bbox 1203 1146 1382 1204; x_wconf 89' lang='lat' dir='ltr'><em>potest,</em></span> <span class='ocrx_word' id='word_1_53' title='bbox 1411 1146 1577 1186; x_wconf 87' lang='lat' dir='ltr'><em>utrum</em></span> 
     </span>
     <span class='ocr_line' id='line_1_12' title="bbox 178 1214 1579 1280; baseline -0.002 -16"><span class='ocrx_word' id='word_1_54' title='bbox 178 1217 440 1265; x_wconf 54' lang='lat' dir='ltr'><em>&lt;scientiam</em></span> <span class='ocrx_word' id='word_1_55' title='bbox 460 1225 693 1280; x_wconf 89' lang='lat' dir='ltr'><em>sequatur</em></span> <span class='ocrx_word' id='word_1_56' title='bbox 715 1233 778 1264; x_wconf 89' lang='lat' dir='ltr'><em>an</em></span> <span class='ocrx_word' id='word_1_57' title='bbox 802 1216 1080 1264; x_wconf 80' lang='lat' dir='ltr'><em>antecedat.</em></span> <span class='ocrx_word' id='word_1_58' title='bbox 1137 1214 1463 1273; x_wconf 88' lang='lat' dir='ltr'><em>Antecedere,</em></span> <span class='ocrx_word' id='word_1_59' title='bbox 1477 1214 1579 1278; x_wconf 90' lang='lat' dir='ltr'><em>ple-</em></span> 
     </span>
     <span class='ocr_line' id='line_1_13' title="bbox 176 1291 1580 1358; baseline -0.002 -17"><span class='ocrx_word' id='word_1_60' title='bbox 176 1293 324 1358; x_wconf 73' lang='lat' dir='ltr'><em>rique</em></span> <span class='ocrx_word' id='word_1_61' title='bbox 348 1293 548 1341; x_wconf 85' lang='lat' dir='ltr'><em>dicunt:</em></span> <span class='ocrx_word' id='word_1_62' title='bbox 584 1309 699 1340; x_wconf 90' lang='lat' dir='ltr'><em>nam</em></span> <span class='ocrx_word' id='word_1_63' title='bbox 718 1292 1070 1340; x_wconf 85' lang='lat' dir='ltr'><em>demonstratio</em></span> <span class='ocrx_word' id='word_1_64' title='bbox 1093 1300 1178 1340; x_wconf 89' lang='lat' dir='ltr'><em>aut</em></span> <span class='ocrx_word' id='word_1_65' title='bbox 1200 1291 1470 1340; x_wconf 88' lang='lat' dir='ltr'><em>scientifica</em></span> <span class='ocrx_word' id='word_1_66' title='bbox 1491 1297 1580 1338; x_wconf 90' lang='lat' dir='ltr'><em>aut</em></span> 
     </span>
     <span class='ocr_line' id='line_1_14' title="bbox 175 1367 1577 1432; baseline -0.003 -15"><span class='ocrx_word' id='word_1_67' title='bbox 175 1380 314 1417; x_wconf 80' lang='lat' dir='ltr'><em>&#39;vana</em></span> <span class='ocrx_word' id='word_1_68' title='bbox 337 1378 441 1417; x_wconf 82' lang='lat' dir='ltr'><em>est:</em></span> <span class='ocrx_word' id='word_1_69' title='bbox 478 1377 550 1416; x_wconf 90' lang='lat' dir='ltr'><em>est</em></span> <span class='ocrx_word' id='word_1_70' title='bbox 575 1385 693 1432; x_wconf 91' lang='lat' dir='ltr'><em>ergo</em></span> <span class='ocrx_word' id='word_1_71' title='bbox 717 1369 922 1416; x_wconf 85' lang='lat' dir='ltr'><em>scientia</em></span> <span class='ocrx_word' id='word_1_72' title='bbox 945 1384 1094 1416; x_wconf 88' lang='lat' dir='ltr'><em>causa</em></span> <span class='ocrx_word' id='word_1_73' title='bbox 1115 1367 1346 1423; x_wconf 86' lang='lat' dir='ltr'><em>efficiens,</em></span> <span class='ocrx_word' id='word_1_74' title='bbox 1361 1373 1412 1414; x_wconf 90' lang='lat' dir='ltr'><em>et</em></span> <span class='ocrx_word' id='word_1_75' title='bbox 1433 1381 1577 1430; x_wconf 88' lang='lat' dir='ltr'><em>prop-</em></span> 
     </span>
     <span class='ocr_line' id='line_1_15' title="bbox 184 1443 1579 1504; baseline -0.003 -12"><span class='ocrx_word' id='word_1_76' title='bbox 184 1452 323 1493; x_wconf 90' lang='lat' dir='ltr'><em>terea</em></span> <span class='ocrx_word' id='word_1_77' title='bbox 356 1446 586 1492; x_wconf 88' lang='lat' dir='ltr'><em>effectum</em></span> <span class='ocrx_word' id='word_1_78' title='bbox 617 1445 880 1492; x_wconf 86' lang='lat' dir='ltr'><em>antecedit.</em></span> <span class='ocrx_word' id='word_1_79' title='bbox 953 1443 1335 1492; x_wconf 89' lang='lat' dir='ltr'><em>Concedendum</em></span> <span class='ocrx_word' id='word_1_80' title='bbox 1359 1457 1478 1504; x_wconf 90' lang='lat' dir='ltr'><em>ergo</em></span> <span class='ocrx_word' id='word_1_81' title='bbox 1501 1448 1579 1488; x_wconf 87' lang='lat' dir='ltr'><em>est</em></span> 
     </span>
     <span class='ocr_line' id='line_1_16' title="bbox 187 1517 1579 1582; baseline -0.004 -14"><span class='ocrx_word' id='word_1_82' title='bbox 187 1520 656 1568; x_wconf 83' lang='lat' dir='ltr'><em>demonstrationem</em></span> <span class='ocrx_word' id='word_1_83' title='bbox 681 1520 904 1582; x_wconf 84' lang='lat' dir='ltr'><em>magistri</em></span> <span class='ocrx_word' id='word_1_84' title='bbox 929 1519 1182 1567; x_wconf 89' lang='lat' dir='ltr'><em>scientiam</em></span> <span class='ocrx_word' id='word_1_85' title='bbox 1200 1517 1425 1581; x_wconf 89' lang='lat' dir='ltr'><em>discipuli</em></span> <span class='ocrx_word' id='word_1_86' title='bbox 1442 1523 1579 1564; x_wconf 89' lang='lat' dir='ltr'><em>ante·</em></span> 
     </span>
     <span class='ocr_line' id='line_1_17' title="bbox 179 1591 1579 1658; baseline -0.003 -15"><span class='ocrx_word' id='word_1_87' title='bbox 179 1595 388 1643; x_wconf 78' lang='lat' dir='ltr'><em>cedere:</em></span> <span class='ocrx_word' id='word_1_88' title='bbox 423 1595 509 1643; x_wconf 91' lang='lat' dir='ltr'><em>sed</em></span> <span class='ocrx_word' id='word_1_89' title='bbox 532 1595 655 1643; x_wconf 86' lang='lat' dir='ltr'><em>nihil</em></span> <span class='ocrx_word' id='word_1_90' title='bbox 677 1595 902 1658; x_wconf 88' lang='lat' dir='ltr'><em>amplius.</em></span> <span class='ocrx_word' id='word_1_91' title='bbox 944 1595 1127 1642; x_wconf 88' lang='lat' dir='ltr'><em>Verum</em></span> <span class='ocrx_word' id='word_1_92' title='bbox 1151 1594 1191 1642; x_wconf 90' lang='lat' dir='ltr'><em>si</em></span> <span class='ocrx_word' id='word_1_93' title='bbox 1209 1610 1307 1658; x_wconf 89' lang='lat' dir='ltr'><em>qua</em></span> <span class='ocrx_word' id='word_1_94' title='bbox 1329 1591 1579 1641; x_wconf 89' lang='lat' dir='ltr'><em>conclusio</em></span> 
     </span>
     <span class='ocr_line' id='line_1_18' title="bbox 178 1669 1579 1735; baseline -0.003 -16"><span class='ocrx_word' id='word_1_95' title='bbox 178 1682 218 1718; x_wconf 71' lang='lat' dir='ltr'><em>&#39;a</em></span> <span class='ocrx_word' id='word_1_96' title='bbox 240 1671 410 1735; x_wconf 89' lang='lat' dir='ltr'><em>quovis</em></span> <span class='ocrx_word' id='word_1_97' title='bbox 432 1671 631 1719; x_wconf 87' lang='lat' dir='ltr'><em>homine</em></span> <span class='ocrx_word' id='word_1_98' title='bbox 653 1671 804 1719; x_wconf 85' lang='lat' dir='ltr'><em>fuerit</em></span> <span class='ocrx_word' id='word_1_99' title='bbox 827 1670 1177 1727; x_wconf 83' lang='lat' dir='ltr'><em>demonstrata,</em></span> <span class='ocrx_word' id='word_1_100' title='bbox 1198 1669 1356 1733; x_wconf 90' lang='lat' dir='ltr'><em>primo</em></span> <span class='ocrx_word' id='word_1_101' title='bbox 1379 1683 1579 1716; x_wconf 89' lang='lat' dir='ltr'><em>necesse</em></span> 
     </span>
     <span class='ocr_line' id='line_1_19' title="bbox 180 1743 1580 1811; baseline -0.002 -17"><span class='ocrx_word' id='word_1_102' title='bbox 180 1754 262 1798; x_wconf 62' lang='lat' dir='ltr'><em>nst</em></span> <span class='ocrx_word' id='word_1_103' title='bbox 284 1754 341 1794; x_wconf 90' lang='lat' dir='ltr'><em>ut</em></span> <span class='ocrx_word' id='word_1_104' title='bbox 362 1747 619 1795; x_wconf 87' lang='lat' dir='ltr'><em>veritatem</em></span> <span class='ocrx_word' id='word_1_105' title='bbox 643 1748 748 1811; x_wconf 89' lang='lat' dir='ltr'><em>ejus</em></span> <span class='ocrx_word' id='word_1_106' title='bbox 782 1746 1069 1809; x_wconf 88' lang='lat' dir='ltr'><em>cognoverit</em></span> <span class='ocrx_word' id='word_1_107' title='bbox 1092 1754 1357 1809; x_wconf 89' lang='lat' dir='ltr'><em>antequam</em></span> <span class='ocrx_word' id='word_1_108' title='bbox 1379 1750 1465 1792; x_wconf 88' lang='lat' dir='ltr'><em>aut</em></span> <span class='ocrx_word' id='word_1_109' title='bbox 1487 1743 1580 1792; x_wconf 91' lang='lat' dir='ltr'><em>sibi</em></span> 
     </span>
     <span class='ocr_line' id='line_1_20' title="bbox 186 1819 1581 1885; baseline -0.001 -16"><span class='ocrx_word' id='word_1_110' title='bbox 186 1828 274 1869; x_wconf 87' lang='lat' dir='ltr'><em>aut</em></span> <span class='ocrx_word' id='word_1_111' title='bbox 296 1821 402 1869; x_wconf 90' lang='lat' dir='ltr'><em>aliis</em></span> <span class='ocrx_word' id='word_1_112' title='bbox 425 1837 532 1869; x_wconf 90' lang='lat' dir='ltr'><em>eam</em></span> <span class='ocrx_word' id='word_1_113' title='bbox 561 1822 803 1885; x_wconf 87' lang='lat' dir='ltr'><em>potuisset</em></span> <span class='ocrx_word' id='word_1_114' title='bbox 835 1821 1188 1869; x_wconf 87' lang='lat' dir='ltr'><em>demonstrare.</em></span> <span class='ocrx_word' id='word_1_115' title='bbox 1258 1820 1418 1868; x_wconf 90' lang='lat' dir='ltr'><em>Nemo</em></span> <span class='ocrx_word' id='word_1_116' title='bbox 1448 1819 1581 1867; x_wconf 91' lang='lat' dir='ltr'><em>enim</em></span> 
     </span>
     <span class='ocr_line' id='line_1_21' title="bbox 187 1894 1581 1960; baseline -0.001 -16"><span class='ocrx_word' id='word_1_117' title='bbox 187 1896 522 1945; x_wconf 88' lang='lat' dir='ltr'><em>demonstrare</em></span> <span class='ocrx_word' id='word_1_118' title='bbox 560 1897 610 1945; x_wconf 93' lang='lat' dir='ltr'><em>id</em></span> <span class='ocrx_word' id='word_1_119' title='bbox 647 1905 828 1960; x_wconf 90' lang='lat' dir='ltr'><em>potest,</em></span> <span class='ocrx_word' id='word_1_120' title='bbox 852 1895 986 1960; x_wconf 89' lang='lat' dir='ltr'><em>quod</em></span> <span class='ocrx_word' id='word_1_121' title='bbox 1010 1912 1180 1944; x_wconf 87' lang='lat' dir='ltr'><em>verum</em></span> <span class='ocrx_word' id='word_1_122' title='bbox 1210 1911 1275 1944; x_wconf 90' lang='lat' dir='ltr'><em>an</em></span> <span class='ocrx_word' id='word_1_123' title='bbox 1310 1894 1489 1943; x_wconf 87' lang='lat' dir='ltr'><em>falsum</em></span> <span class='ocrx_word' id='word_1_124' title='bbox 1515 1894 1581 1942; x_wconf 91' lang='lat' dir='ltr'><em>sit</em></span> 
     </span>
     <span class='ocr_line' id='line_1_22' title="bbox 186 1969 1580 2035; baseline -0.002 -15"><span class='ocrx_word' id='word_1_125' title='bbox 186 1972 398 2035; x_wconf 83' lang='lat' dir='ltr'><em>ignorat.</em></span> <span class='ocrx_word' id='word_1_126' title='bbox 467 1971 785 2020; x_wconf 86' lang='lat' dir='ltr'><em>Manifestum</em></span> <span class='ocrx_word' id='word_1_127' title='bbox 809 1988 927 2035; x_wconf 90' lang='lat' dir='ltr'><em>ergo</em></span> <span class='ocrx_word' id='word_1_128' title='bbox 951 1979 1027 2020; x_wconf 87' lang='lat' dir='ltr'><em>est</em></span> <span class='ocrx_word' id='word_1_129' title='bbox 1050 1970 1467 2020; x_wconf 86' lang='lat' dir='ltr'><em>demonstratione</em></span> <span class='ocrx_word' id='word_1_130' title='bbox 1489 1969 1580 2018; x_wconf 90' lang='lat' dir='ltr'><em>sci-</em></span> 
     </span>
     <span class='ocr_line' id='line_1_23' title="bbox 187 2047 1062 2111; baseline 0 -16"><span class='ocrx_word' id='word_1_131' title='bbox 187 2047 372 2095; x_wconf 89' lang='lat' dir='ltr'><em>entiam</em></span> <span class='ocrx_word' id='word_1_132' title='bbox 396 2055 573 2095; x_wconf 90' lang='lat' dir='ltr'><em>natura</em></span> <span class='ocrx_word' id='word_1_133' title='bbox 596 2064 684 2095; x_wconf 86' lang='lat' dir='ltr'><em>sua</em></span> <span class='ocrx_word' id='word_1_134' title='bbox 706 2048 919 2111; x_wconf 88' lang='lat' dir='ltr'><em>priorem</em></span> <span class='ocrx_word' id='word_1_135' title='bbox 943 2063 1062 2095; x_wconf 91' lang='lat' dir='ltr'><em>esse.</em></span> 
     </span>
    </p>

    <p class='ocr_par' dir='ltr' id='par_1_10' title="bbox 181 2123 1582 2938">
     <span class='ocr_line' id='line_1_24' title="bbox 181 2123 1582 2187; baseline 0 -16"><span class='ocrx_word' id='word_1_136' title='bbox 181 2151 190 2160; x_wconf 92' lang='lat'><strong>·</strong></span> <span class='ocrx_word' id='word_1_137' title='bbox 255 2123 483 2172; x_wconf 89' lang='lat' dir='ltr'><em>Secundo</em></span> <span class='ocrx_word' id='word_1_138' title='bbox 523 2124 676 2187; x_wconf 86' lang='lat' dir='ltr'><em>quaeri</em></span> <span class='ocrx_word' id='word_1_139' title='bbox 715 2131 892 2187; x_wconf 89' lang='lat' dir='ltr'><em>potest,</em></span> <span class='ocrx_word' id='word_1_140' title='bbox 918 2139 1031 2171; x_wconf 88' lang='lat' dir='ltr'><em>cum</em></span> <span class='ocrx_word' id='word_1_141' title='bbox 1066 2123 1336 2187; x_wconf 85' lang='lat' dir='ltr'><em>geometria</em></span> <span class='ocrx_word' id='word_1_142' title='bbox 1365 2123 1582 2171; x_wconf 88' lang='lat' dir='ltr'><em>humano</em></span> 
     </span>
     <span class='ocr_line' id='line_1_25' title="bbox 186 2198 1580 2263; baseline 0 -16"><span class='ocrx_word' id='word_1_143' title='bbox 186 2199 355 2262; x_wconf 83' lang='lat' dir='ltr'><em>generi</em></span> <span class='ocrx_word' id='word_1_144' title='bbox 390 2215 583 2263; x_wconf 87' lang='lat' dir='ltr'><em>magnae</em></span> <span class='ocrx_word' id='word_1_145' title='bbox 619 2200 684 2247; x_wconf 89' lang='lat' dir='ltr'><em>sit</em></span> <span class='ocrx_word' id='word_1_146' title='bbox 720 2199 946 2247; x_wconf 85' lang='lat' dir='ltr'><em>utilitatis</em></span> <span class='ocrx_word' id='word_1_147' title='bbox 981 2208 1030 2247; x_wconf 93' lang='lat' dir='ltr'><em>et</em></span> <span class='ocrx_word' id='word_1_148' title='bbox 1057 2199 1257 2247; x_wconf 85' lang='lat' dir='ltr'><em>maximi</em></span> <span class='ocrx_word' id='word_1_149' title='bbox 1288 2198 1580 2257; x_wconf 87' lang='lat' dir='ltr'><em>ornamenti,</em></span> 
     </span>
     <span class='ocr_line' id='line_1_26' title="bbox 189 2274 1580 2338; baseline 0 -16"><span class='ocrx_word' id='word_1_150' title='bbox 189 2274 364 2337; x_wconf 90' lang='lat' dir='ltr'><em>quibus</em></span> <span class='ocrx_word' id='word_1_151' title='bbox 386 2275 633 2338; x_wconf 88' lang='lat' dir='ltr'><em>praecipue</em></span> <span class='ocrx_word' id='word_1_152' title='bbox 666 2274 947 2322; x_wconf 89' lang='lat' dir='ltr'><em>homiuibus</em></span> <span class='ocrx_word' id='word_1_153' title='bbox 976 2274 1160 2322; x_wconf 90' lang='lat' dir='ltr'><em>bouum</em></span> <span class='ocrx_word' id='word_1_154' title='bbox 1183 2281 1376 2322; x_wconf 89' lang='lat' dir='ltr'><em>tantum</em></span> <span class='ocrx_word' id='word_1_155' title='bbox 1403 2274 1580 2322; x_wconf 85' lang='lat' dir='ltr'><em>debea-</em></span> 
     </span>
     <span class='ocr_line' id='line_1_27' title="bbox 185 2349 1577 2408; baseline 0 -10"><span class='ocrx_word' id='word_1_156' title='bbox 185 2363 314 2408; x_wconf 63' lang='grc' dir='ltr'><em>ωας,</em></span> <span class='ocrx_word' id='word_1_157' title='bbox 352 2349 821 2398; x_wconf 89' lang='lat' dir='ltr'><em>demonstratoribus</em></span> <span class='ocrx_word' id='word_1_158' title='bbox 860 2366 923 2398; x_wconf 89' lang='lat' dir='ltr'><em>au</em></span> <span class='ocrx_word' id='word_1_159' title='bbox 964 2349 1577 2398; x_wconf 88' lang='lat' dir='ltr'><em>non-demonstratoribus.</em></span> 
     </span>
     <span class='ocr_line' id='line_1_28' title="bbox 192 2423 1581 2489; baseline 0.001 -17"><span class='ocrx_word' id='word_1_160' title='bbox 192 2423 388 2472; x_wconf 83' lang='lat' dir='ltr'><em>Certum</em></span> <span class='ocrx_word' id='word_1_161' title='bbox 414 2432 489 2473; x_wconf 88' lang='lat' dir='ltr'><em>est</em></span> <span class='ocrx_word' id='word_1_162' title='bbox 512 2425 661 2489; x_wconf 87' lang='lat' dir='ltr'><em>longo</em></span> <span class='ocrx_word' id='word_1_163' title='bbox 693 2434 915 2489; x_wconf 89' lang='lat' dir='ltr'><em>tempore</em></span> <span class='ocrx_word' id='word_1_164' title='bbox 950 2434 1066 2473; x_wconf 88' lang='lat' dir='ltr'><em>aute</em></span> <span class='ocrx_word' id='word_1_165' title='bbox 1089 2425 1341 2473; x_wconf 88' lang='lat' dir='ltr'><em>Euclidem</em></span> <span class='ocrx_word' id='word_1_166' title='bbox 1366 2425 1581 2474; x_wconf 80' lang='lat' dir='ltr'><em>maxima</em></span> 
     </span>
     <span class='ocr_line' id='line_1_29' title="bbox 185 2500 1578 2562; baseline 0.001 -15"><span class='ocrx_word' id='word_1_167' title='bbox 185 2508 340 2562; x_wconf 77' lang='lat' dir='ltr'><em>‘atque</em></span> <span class='ocrx_word' id='word_1_168' title='bbox 384 2501 792 2549; x_wconf 88' lang='lat' dir='ltr'><em>artifieiocissima</em></span> <span class='ocrx_word' id='word_1_169' title='bbox 836 2508 1121 2549; x_wconf 88' lang='lat' dir='ltr'><em>constructa</em></span> <span class='ocrx_word' id='word_1_170' title='bbox 1158 2501 1308 2550; x_wconf 82' lang='lat' dir='ltr'><em>fuisse</em></span> <span class='ocrx_word' id='word_1_171' title='bbox 1353 2500 1578 2560; x_wconf 76' lang='lat' dir='ltr'><em>aedificia,</em></span> 
     </span>
     <span class='ocr_line' id='line_1_30' title="bbox 187 2575 1578 2640; baseline 0.003 -20"><span class='ocrx_word' id='word_1_172' title='bbox 187 2581 395 2622; x_wconf 87' lang='lat' dir='ltr'><em>turrem-</em></span> <span class='ocrx_word' id='word_1_173' title='bbox 419 2575 628 2635; x_wconf 81' lang='lat' dir='ltr'><em>BabeliS,</em></span> <span class='ocrx_word' id='word_1_174' title='bbox 653 2575 932 2640; x_wconf 85' lang='lat' dir='ltr'><em>pyramides</em></span> <span class='ocrx_word' id='word_1_175' title='bbox 953 2575 1226 2640; x_wconf 88' lang='lat' dir='ltr'><em>AEgyptias,</em></span> <span class='ocrx_word' id='word_1_176' title='bbox 1258 2591 1426 2624; x_wconf 88' lang='lat' dir='ltr'><em>muros</em></span> <span class='ocrx_word' id='word_1_177' title='bbox 1462 2575 1578 2624; x_wconf 90' lang='lat' dir='ltr'><em>hor·</em></span> 
     </span>
     <span class='ocr_line' id='line_1_31' title="bbox 188 2649 1578 2715; baseline 0.001 -19"><span class='ocrx_word' id='word_1_178' title='bbox 188 2656 367 2712; x_wconf 80' lang='lat' dir='ltr'><em>tosque</em></span> <span class='ocrx_word' id='word_1_179' title='bbox 388 2649 438 2698; x_wconf 89' lang='lat' dir='ltr'><em>in</em></span> <span class='ocrx_word' id='word_1_180' title='bbox 459 2650 708 2715; x_wconf 83' lang='lat' dir='ltr'><em>Babylone</em></span> <span class='ocrx_word' id='word_1_181' title='bbox 732 2652 1134 2711; x_wconf 89' lang='lat' dir='ltr'><em>mirabilissimos,</em></span> <span class='ocrx_word' id='word_1_182' title='bbox 1150 2652 1335 2714; x_wconf 88' lang='lat' dir='ltr'><em>regiam</em></span> <span class='ocrx_word' id='word_1_183' title='bbox 1350 2650 1578 2709; x_wconf 88' lang='lat' dir='ltr'><em>Persidis,</em></span> 
     </span>
     <span class='ocr_line' id='line_1_32' title="bbox 191 2723 1578 2789; baseline 0.001 -19"><span class='ocrx_word' id='word_1_184' title='bbox 191 2723 384 2787; x_wconf 87' lang='lat' dir='ltr'><em>aliaque</em></span> <span class='ocrx_word' id='word_1_185' title='bbox 400 2742 414 2771; x_wconf 72' lang='grc' dir='ltr'><strong><em>ε</em></strong></span> <span class='ocrx_word' id='word_1_186' title='bbox 446 2724 564 2773; x_wconf 84' lang='lat' dir='ltr'><em>item</em></span> <span class='ocrx_word' id='word_1_187' title='bbox 600 2735 852 2775; x_wconf 88' lang='lat' dir='ltr'><em>ostensum</em></span> <span class='ocrx_word' id='word_1_188' title='bbox 889 2726 1200 2789; x_wconf 88' lang='lat' dir='ltr'><em>horologium</em></span> <span class='ocrx_word' id='word_1_189' title='bbox 1234 2726 1392 2775; x_wconf 89' lang='lat' dir='ltr'><em>solare</em></span> <span class='ocrx_word' id='word_1_190' title='bbox 1427 2726 1578 2774; x_wconf 69' lang='lat' dir='ltr'><em>Iace-</em></span> 
     </span>
     <span class='ocr_line' id='line_1_33' title="bbox 193 2798 1579 2866; baseline 0.001 -20"><span class='ocrx_word' id='word_1_191' title='bbox 193 2798 416 2847; x_wconf 91' lang='lat' dir='ltr'><em>daemone</em></span> <span class='ocrx_word' id='word_1_192' title='bbox 437 2800 664 2862; x_wconf 87' lang='lat' dir='ltr'><em>primum.</em></span> <span class='ocrx_word' id='word_1_193' title='bbox 721 2802 884 2866; x_wconf 86' lang='lat' dir='ltr'><em>Opera</em></span> <span class='ocrx_word' id='word_1_194' title='bbox 904 2801 1008 2850; x_wconf 82' lang='lat' dir='ltr'><em>haec</em></span> <span class='ocrx_word' id='word_1_195' title='bbox 1026 2802 1280 2850; x_wconf 87' lang='lat' dir='ltr'><em>seientiam</em></span> <span class='ocrx_word' id='word_1_196' title='bbox 1302 2802 1406 2849; x_wconf 90' lang='lat' dir='ltr'><em>sine</em></span> <span class='ocrx_word' id='word_1_197' title='bbox 1429 2800 1579 2848; x_wconf 89' lang='lat' dir='ltr'><em>dubio</em></span> 
     </span>
     <span class='ocr_line' id='line_1_34' title="bbox 193 2874 1576 2938; baseline 0 -15"><span class='ocrx_word' id='word_1_198' title='bbox 193 2874 536 2938; x_wconf 86' lang='lat' dir='ltr'><em>requirebant:</em></span> <span class='ocrx_word' id='word_1_199' title='bbox 571 2876 766 2926; x_wconf 88' lang='lat' dir='ltr'><em>illorum</em></span> <span class='ocrx_word' id='word_1_200' title='bbox 801 2886 967 2927; x_wconf 89' lang='lat' dir='ltr'><em>tamen</em></span> <span class='ocrx_word' id='word_1_201' title='bbox 996 2886 1195 2926; x_wconf 57' lang='lat' dir='ltr'><em>autores</em></span> <span class='ocrx_word' id='word_1_202' title='bbox 1223 2876 1345 2926; x_wconf 90' lang='lat' dir='ltr'><em>nihil</em></span> <span class='ocrx_word' id='word_1_203' title='bbox 1377 2875 1576 2925; x_wconf 88' lang='lat' dir='ltr'><em>demon-</em></span> 
     </span>
    </p>
   </div>
  </div>
 </body>
</html>
