1982 3204
698 267 1143 302 Eccnnsras‘ricA.
1521 260 1617 311 377

231 378 369 423 Veste
389 394 500 423 nova
517 393 663 421 rursus
682 378 823 436 prodit
842 385 967 422 vetus
986 376 1186 421 haeresis:
1218 393 1303 420 una

290 445 443 489 Secum
465 444 659 501 prodibat
678 444 803 488 docta
827 451 997 488 caterva
1016 443 1170 487 virum.
1509 450 1620 489 1040

232 510 292 555 Hi
313 511 497 554 clamant
517 511 712 554 Christos
731 510 873 567 plures
893 525 976 553 non
997 525 1100 560 esse,
1122 509 1195 553 sed
1224 525 1357 552 unum
1375 527 1386 552 ε

289 577 564 632 Natumque
585 586 743 633 negant
763 577 888 620 unius
907 591 999 620 esse
1018 576 1136 619 duas.

230 648 256 667 ‘⁴
274 643 415 686 Dicite
436 651 574 685 utram
595 642 737 693 vultis,
758 658 856 685 nam
876 657 1047 699 possum
1067 640 1236 685 credere
1256 642 1525 686 utramvis‘r-

287 714 314 733 “
331 709 416 751 Res
435 715 500 751 est
520 708 701 750 difficilis
720 707 888 751 credere
909 715 1135 763 utramque
1154 706 1321 750 simul-'⁹

230 774 476 820 Catholicus
497 774 666 831 regerit,
687 779 715 799 “
728 773 820 818 Cur
838 789 924 817 non
943 781 1064 830 potes
1084 773 1212 830 impie
1232 775 1491 829 utramque?

286 847 314 866 “
333 843 456 884 Anne
476 841 623 897 ignota
642 840 723 884 tibi
742 847 809 884 est
836 839 1241 897 Unio-Hypanatt'oa
1257 839 1365 880 Ρ-

230 913 256 932 “
271 907 417 950 Nota:
449 914 494 950 et
514 908 569 949 ob
588 905 700 949 hoc'
689 921 828 963 ipsum
849 920 934 949 non
955 920 1127 962 possum
1146 905 1316 950 credere
1335 912 1586 961 utmque:

287 972 434 1016 “Una
452 979 530 1022 est,
552 987 658 1027 quas
679 972 774 1014 unit
802 971 1246 1028 Unio-Hypoaatioass'

230 1038 470 1084 Concilium
490 1053 636 1080 rursus
656 1037 817 1094 placuit
835 1037 1031 1093 generale
1050 1036 1218 1080 vocari:

288 1105 348 1148 Et
367 1111 536 1147 resonat
556 1103 659 1146 rixis
679 1105 780 1146 urbs
800 1102 1020 1159 Ephesina
1046 1102 1187 1146 sacris.
1510 1106 1620 1146 1050

230 1171 359 1215 Unde
378 1170 489 1213 redit
508 1169 642 1212 tristis
661 1177 728 1212 ter
747 1169 944 1225 victaque
965 1184 1061 1226 pars
1082 1169 1261 1220 Ariana,

286 1236 389 1280 Non
409 1236 603 1279 convicta
622 1243 764 1279 tamen
780 1251 791 1286 ;
823 1235 897 1279 sed
916 1250 1055 1291 neque
1075 1242 1196 1278 muta
1214 1235 1301 1278 diu.

229 1303 336 1347 Post
354 1302 512 1346 etenim
536 1301 755 1359 Synodum
776 1301 917 1345 tenuit
936 1317 1033 1359 pars
1052 1301 1138 1352 illa,
1154 1308 1333 1345 vocante

286 1369 509 1426 Principe:
541 1384 628 1425 quo
647 1369 838 1419 dubium,
860 1369 934 1412 sed
953 1376 1129 1412 tenuere
1148 1375 1292 1411 tamen
1306 1385 1319 1410 z

229 1434 340 1490 Quae
360 1450 437 1478 sua
455 1434 666 1491 suffragiis
685 1434 894 1477 stabilivit
911 1434 1112 1491 dogmata
1129 1433 1289 1477 multis.

290 1500 362 1545 Sic
381 1500 501 1544 lance
520 1508 690 1556 aequata
710 1500 962 1558 Theiologia
982 1499 1114 1543 stetit.

229 1567 291 1610 Et
309 1567 391 1610 nisi
411 1566 622 1611 Catholici
644 1566 912 1611 Chalcedone
931 1566 1257 1618 consuluissent,

286 1633 444 1677 Essent
462 1649 576 1677 nunc
591 1633 654 1676 illi
673 1633 851 1676 forsitan
871 1633 1072 1677 haeretici.

229 1699 400 1746 Cuncta
418 1700 490 1743 sed
510 1699 563 1742 ad
583 1714 772 1742 normam
796 1698 970 1756 Synodo
999 1705 1252 1742 revocantur
1269 1699 1325 1742 ab
1343 1698 1417 1742 illa

284 1766 331 1810 N
333 1766 466 1810 icenae
488 1765 625 1816 Fidei,
648 1764 1005 1821 Catholicumque
1023 1765 1213 1808 modum.
1504 1767 1616 1807 1060

229 1832 441 1883 Haeresin,
461 1831 506 1874 in
527 1831 670 1888 plures
690 1831 847 1874 formas
867 1846 965 1887 quae
985 1830 1168 1874 vertitur
1186 1846 1273 1873 una

286 1897 429 1952 Quam
448 1896 661 1953 quondam
683 1895 879 1947 Proteus,
900 1895 1069 1939 vincula
1087 1895 1205 1938 nulla
1223 1902 1385 1940 tenent.

228 1963 283 2007 In
304 1963 583 2008 chalcedonia
606 1962 778 2019 Synodo
797 1962 996 2005 damnata
1013 1977 1202 2019 repressa
1220 1969 1298 2013 est,

289 2029 373 2074 Sed
392 2037 535 2073 tamen
555 2037 605 2072 ut
625 2028 766 2072 verbis
785 2044 886 2072 mox
905 2028 1093 2072 reditura
1110 2028 1245 2072 novis.

230 2096 425 2152 Namque
444 2111 572 2139 unam
586 2094 696 2151 jussi
715 2110 935 2151 personam
955 2094 1094 2138 dicere
1115 2093 1291 2146 Christi,

287 2161 460 2206 Scilicet
479 2169 529 2204 ut
548 2160 683 2211 nobis,
704 2175 808 2211 esse,
829 2175 907 2203 nec
926 2175 1016 2203 esse
1035 2159 1163 2203 duas:

228 2226 332 2271 Non
352 2228 493 2284 plures
512 2242 597 2269 una
616 2226 844 2269 voluerunt
862 2225 1000 2269 dicere
1021 2224 1183 2271 Christi

286 2292 392 2336 Esse
412 2292 678 2342 voluntates3
710 2292 835 2335 unica
854 2292 1012 2349 quippe
1032 2291 1155 2335 Patri
1172 2299 1251 2336 est.

229 2357 381 2403 Graeoe
400 2358 567 2402 vocavit
580 2374 652 2402 eos
671 2358 864 2402 Ecclesia
882 2359 940 2400 M
937 2358 1212 2401 monothelitas.

288 2422 474 2468 Haeroeis
493 2423 678 2481 Imperio
698 2424 923 2481 posthuma
940 2431 986 2467 at
1005 2423 1078 2467 illa
1096 2422 1195 2475 fuit,
1505 2424 1615 2465 1070

229 2488 431 2545 Nataque
450 2505 548 2533 cum
570 2488 764 2546 Synodos
783 2489 1000 2547 generales
1019 2489 1140 2547 Papa
1156 2490 1349 2540 vocabat,

286 2554 499 2612 Neglecto
516 2555 678 2599 dudum
697 2555 912 2614 Principe,
926 2557 1024 2613 jure
1043 2571 1134 2599 suo.

231 2623 316 2664 Soc.
348 2621 429 2664 Ille
448 2621 710 2665 voluntatem
730 2622 894 2667 Christi
913 2623 988 2679 qui
1017 2622 1167 2666 fecerit
1185 2636 1328 2672 unam,

289 2687 356 2731 Ut
373 2687 514 2738 debet,
533 2688 727 2743 quamvis
745 2689 937 2733 crederet
954 2704 1045 2733 esse
1064 2689 1183 2739 duas,

233 2751 386 2796 Salms
404 2752 498 2795 erit.
557 2751 682 2796 Nihil
699 2753 791 2798 haec
811 2755 910 2797 vitae
929 2754 1100 2797 subtilia
1122 2759 1300 2811 prosunt
1312 2769 1325 2795 ε

288 2818 405 2861 Zona
424 2818 596 2860 viatoris
614 2819 776 2875 respuit
794 2819 903 2863 hanc
922 2819 1111 2863 maciem.

231 2884 332 2928 Non
352 2883 555 2941 populum
578 2883 751 2927 Veteris
769 2884 916 2929 docuit
934 2885 994 2929 sic
1015 2884 1205 2928 Foederis
1223 2883 1400 2927 author:
