1982 3204
486 278 733 320 AmQtJo‘r
760 280 1119 317 aizoum-mm
1148 284 1267 318 Ere.
1471 273 1567 324 207

175 395 308 440 ἴοι-ω
330 392 663 441 mathematici
686 393 966 457 intelligunt
990 394 1186 457 quando
1210 394 1396 452 dicunt,
1420 411 1569 458 quan·

178 465 373 515 titatem
405 467 694 516 divisibilem
731 485 836 518 esse
870 470 921 517 in
958 469 1217 517 infinitum.
1289 469 1404 518 Non
1441 471 1571 519 enim

178 539 367 600 dicunt,
391 558 485 591 nec
518 544 820 607 intelligunt,
855 545 1045 593 finitam
1077 544 1422 608 quantitatem,
1452 554 1573 609 puta

177 614 374 674 lineam,
398 617 688 667 divisibilem
712 635 818 667 esse
842 619 893 667 in
916 629 1081 683 partes
1104 635 1309 667 numero
1332 619 1572 670 infinitas:

178 691 266 740 sed
289 692 467 741 lineam
492 694 969 758 quantulamcunque
993 703 1173 743 natura
1197 710 1287 742 sua
1322 694 1572 744 divisionis

178 782 408 831 capacem
437 785 558 817 esse.
629 769 802 832 Neque
841 786 929 833 per
969 770 1254 819 divisionem
1293 770 1575 859 intelligiqnt

179 843 539 907 separationem
563 844 883 903 materialem,
907 845 958 893 id
982 854 1058 893 est
1082 846 1444 909 separationem
1468 862 1575 909 par·

179 917 246 966 tis
266 934 298 966 a
319 926 483 981 parte:
519 919 605 966 sed
629 919 679 967 in
715 920 848 967 omni
872 921 1148 983 quantitate
1185 921 1422 969 continua
1461 937 1576 986 sup-

179 993 298 1057 poni
330 993 658 1056 quantitatem
688 994 851 1042 adbuc
880 995 1137 1053 minorem,
1162 1003 1214 1043 et
1244 1011 1352 1043 eam
1384 1012 1577 1060 quoque

174 1069 552 1132 ‘assignabilemz
594 1077 645 1117 et
690 1070 950 1118 divisionis
996 1071 1123 1118 hanc
1169 1071 1578 1135 significationem

180 1143 327 1192 aliam
343 1159 445 1192 non
461 1160 565 1192 esse
589 1161 734 1209 quam
751 1147 904 1209 partis
928 1147 978 1194 in
997 1154 1102 1195 toto
1125 1154 1374 1211 utcunque
1397 1148 1577 1210 exiguo

180 1218 475 1267 illimitatam
499 1220 961 1269 considerationem.
1017 1222 1091 1269 De
1107 1238 1399 1286 quocunque
1413 1230 1579 1271 autem

181 1293 282 1343 dici
303 1303 468 1358 potest
490 1295 624 1359 quod
647 1302 801 1344 totum
826 1297 903 1355 sit,
929 1297 979 1345 in
1005 1297 1179 1346 eodem
1210 1305 1344 1346 recte
1369 1298 1466 1346 dici
1490 1315 1579 1362 po-

182 1376 283 1420 test
304 1386 411 1419 esse
432 1380 614 1435 partes.
685 1372 755 1421 Ut
790 1381 954 1421 autem
986 1374 1134 1422 homo
1153 1374 1372 1422 mortalis
1396 1374 1580 1438 aliquid

183 1445 238 1494 in
259 1453 499 1495 aeternum
519 1447 737 1496 dividere
759 1457 939 1512 posset,
965 1458 1051 1498 aut
1076 1450 1117 1498 si
1140 1450 1192 1498 id
1214 1457 1380 1513 posset
1402 1450 1579 1509 facere,

183 1529 243 1570 ut
263 1531 429 1586 partes
461 1530 627 1572 tamen
655 1540 753 1572 non
779 1533 943 1574 essent
966 1541 1158 1589 semper
1181 1541 1386 1574 numero
1409 1526 1580 1584 finitae,

185 1597 483 1661 impossibile
506 1606 598 1646 est.
669 1599 818 1648 Quod
839 1609 1006 1649 antem
1031 1601 1093 1649 de
1130 1601 1262 1649 linea
1284 1601 1482 1659 dicitur,
1506 1601 1582 1648 in-

185 1672 343 1736 telligi
365 1673 514 1722 etiam
537 1673 684 1722 debet
708 1674 770 1723 de
793 1682 939 1734 mota,
964 1682 1202 1740 tempore,
1227 1684 1278 1725 et
1301 1676 1436 1725 omni
1458 1676 1581 1724 divi-

184 1748 316 1797 sibili
350 1756 530 1812 praeter
562 1765 838 1799 numerum.
907 1751 1214 1800 Producatur
1246 1768 1381 1801 nunc
1408 1760 1583 1801 contra

186 1823 296 1873 haec
317 1824 563 1888 objectio:
602 1826 806 1887 (nullam
831 1826 961 1874 enim
994 1843 1073 1875 me
1109 1827 1284 1891 legisse
1320 1829 1542 1890 memini)
1568 1847 1579 1876 ε

187 1905 246 1947 ut
282 1898 524 1956 videatur,
565 1915 731 1948 annon
776 1901 931 1964 possit
973 1901 1116 1950 facile
1162 1902 1372 1967 intelligi
1414 1911 1578 1952 utrum

187 1974 331 2023 firma
353 1990 417 2023 an
440 1975 636 2023 infirma
658 1976 739 2025 sit.

256 2049 426 2107 Porro,
450 2066 692 2116 suppono,
716 2051 890 2116 inquit,
913 2059 1077 2102 notum
1091 2053 1335 2119 plerique
1357 2070 1468 2102 esse
1489 2054 1585 2103 Ze-

187 2125 328 2174 nonis
364 2134 707 2191 argumentum
739 2127 872 2176 illud
903 2128 1109 2188 celebre,
1134 2130 1267 2194 quod
1298 2129 1587 2195 appellatur

187 2200 433 2250 Achilles:
468 2207 617 2267 atque
639 2202 928 2268 disputator
950 2204 1041 2253 ille
1063 2221 1274 2271 magnas
1288 2222 1392 2271 per
1411 2206 1585 2270 impos-

180 2275 366 2324 sibilia
399 2283 448 2324 et
483 2276 705 2326 absurda
744 2279 810 2328 ab
846 2286 1060 2344 utraque
1089 2286 1242 2345 parte
1279 2281 1586 2345 apparentia

187 2357 368 2400 motam
390 2351 599 2401 localem
623 2370 724 2401 rem
759 2354 1108 2420 impossibilem
1141 2371 1252 2404 esse
1282 2355 1587 2404 demonstra-

189 2424 295 2485 bat,
323 2426 390 2475 ab
429 2444 522 2476 uno
554 2429 837 2478 auditorum
877 2437 1116 2495 surgente
1150 2437 1201 2479 et
1231 2447 1334 2497 per
1368 2431 1587 2480 scholam

190 2501 475 2552 ambulante
512 2505 797 2569 confutatus
816 2505 1008 2569 fuerit.
1078 2506 1303 2556 Quorum
1325 2507 1588 2555 verborum

192 2591 384 2626 summa
404 2578 511 2627 haec
533 2588 624 2639 est,
647 2579 957 2629 confutatum
979 2581 1177 2645 quidem
1199 2581 1349 2630 fuisse
1388 2582 1450 2630 ab
1484 2597 1587 2630 am-

191 2651 392 2701 bulante
414 2654 682 2714 Zenonem,
705 2656 999 2705 sententiam
1022 2664 1188 2705 autem
1211 2657 1318 2719 ejus
1343 2657 1479 2720 justa
1501 2656 1586 2704 de-

190 2728 547 2777 monstratione
583 2729 796 2779 ducente
832 2730 897 2779 ad
932 2731 1199 2780 absurdum
1230 2738 1364 2780 recte
1399 2731 1587 2779 illatam

193 2817 316 2853 esse.
382 2802 743 2868 Argumentum
767 2806 979 2856 Zenonis
1003 2806 1147 2870 quale
1164 2806 1243 2866 sit,
1267 2813 1324 2856 ut
1352 2822 1383 2855 a
1404 2806 1586 2856 lectore

1629 412 1718 439 CAP.
1740 412 1813 439 xn.

1627 459 1726 480 s----¹
1735 458 1817 473 -κ

1630 501 1675 530 Dc
1689 500 1818 529 fallaciis.
