1982 3204
176 363 344 393 Hobbesius
358 365 395 393 ud

176 408 377 436 Mersennum.

195 453 385 477 ὶὛ-κ

442 238 539 282 290
989 249 1286 283 EPISTOLAE.

443 358 649 422 angulos
684 367 911 408 accurate
941 362 1185 424 aequales:
1220 361 1509 424 respondeo,
1543 376 1713 410 verum
1740 361 1834 410 hoe

444 443 519 483 est
544 434 604 482 de
627 435 727 498 pila
752 443 800 483 et
826 437 1065 499 ejusmodi
1091 437 1395 499 corporibus,
1420 445 1681 500 propterea
1703 437 1835 500 quod

441 526 542 558 non
582 510 729 559 modo
768 512 998 559 velocitas
1037 513 1087 559 in
1125 512 1183 559 iis
1215 512 1451 559 continuo
1488 513 1724 560 minuitur
1757 513 1835 561 vel

441 594 651 649 augetur
675 603 704 634 a
726 588 985 650 gravitate,
1001 588 1088 635 sed
1114 588 1263 635 etiam
1282 605 1488 652 corpora
1511 588 1562 635 in
1587 604 1696 652 quae
1714 589 1836 638 inci-

444 662 568 709 dunt
590 678 690 710 non
710 663 925 725 perfecte
945 673 1263 727 compensant
1282 665 1528 726 jacturam
1552 664 1685 712 illam
1703 665 1835 712 velo-

444 738 630 785 citatis:
668 738 875 801 ideoque
912 747 1151 802 quatenus
1183 740 1378 787 locutus
1411 755 1518 787 sum
1551 739 1611 787 de
1643 739 1757 803 pila,
1783 740 1834 792 in

443 814 719 876 exemplum
744 815 1022 862 reflexionis
1046 815 1257 873 luminis,
1285 816 1621 878 supponebam
1645 823 1835 863 motum

442 890 547 952 ejus
583 905 741 951 neque
777 890 931 937 minui
963 890 1141 948 eundo,
1167 899 1214 938 et
1244 891 1459 954 perfecte
1484 891 1677 939 restitui
1703 890 1837 954 quod

441 964 724 1028 perdiderat
749 965 800 1012 in
824 982 1031 1013 occursu
1056 967 1274 1029 corporis
1303 967 1592 1014 resistentis.
1643 961 1762 1014 'Sed
1783 966 1837 1014 in

442 1040 641 1097 lumine,
668 1041 806 1102 cujus
842 1050 1005 1088 motus
1036 1057 1194 1105 neque
1218 1058 1247 1089 a
1270 1042 1514 1104 gravitate
1539 1057 1697 1106 neque
1720 1042 1838 1090 levi-

443 1123 545 1163 tate
582 1115 859 1174 divertitur,
884 1125 932 1164 et
965 1118 1105 1180 cujus
1138 1118 1344 1165 materia
1380 1118 1609 1166 facillime
1643 1118 1836 1166 mobilis

444 1198 535 1248 est,
555 1190 765 1254 ideoque
790 1199 952 1239 motus
973 1193 1077 1255 ejus
1100 1193 1294 1240 restitui
1313 1209 1342 1240 a
1359 1193 1619 1241 resistente
1642 1193 1835 1256 integre

442 1275 630 1329 potest:
668 1267 962 1330 angulorum
995 1268 1248 1331 aequalitas
1286 1278 1420 1317 recte
1458 1285 1488 1317 a
1521 1269 1608 1317 tali
1640 1269 1836 1317 restitu-

444 1342 579 1390 tione
605 1342 780 1390 salvari
804 1351 984 1405 potest.

511 1418 731 1480 Septimo
756 1418 843 1475 ais,
869 1417 1030 1465 dicere
1054 1418 1192 1465 illum
1220 1434 1477 1482 perperam
1501 1435 1531 1466 a
1554 1435 1632 1466 me
1656 1418 1836 1467 adduci

442 1493 585 1540 istam
617 1500 762 1541 terrae
794 1493 1047 1540 mollitiem
1085 1494 1147 1541 ad
1184 1494 1515 1557 aequalitatem
1543 1494 1836 1558 angulorum

443 1568 898 1616 demonstrandam:
924 1570 1196 1632 praesertim
1221 1586 1333 1617 cum
1358 1571 1420 1618 ab
1445 1586 1503 1618 ea
1526 1579 1775 1634 sequatur,
1794 1570 1833 1619 si

443 1651 578 1691 terra
600 1653 651 1691 et
673 1644 773 1707 pila
795 1653 895 1692 tam
923 1644 1058 1692 durae
1083 1653 1244 1692 essent
1272 1653 1330 1693 ut
1364 1645 1498 1693 nullo
1523 1645 1669 1694 modo
1693 1645 1837 1694 cede-

441 1728 569 1778 rent,
605 1720 788 1767 nullam
819 1720 926 1768 fore
958 1721 1304 1769 reflexionem:
1350 1721 1483 1785 quod
1517 1729 1591 1770 est
1626 1721 1836 1770 incredi-

440 1794 553 1842 bile.

508 1871 822 1934 Respondeo:
859 1872 1087 1934 primum,
1114 1887 1192 1920 me
1216 1888 1317 1920 non
1342 1872 1587 1920 ascribere
1614 1873 1834 1921 reflexio-

441 1961 555 1993 nem
580 1947 802 1994 mollitiei
825 1954 981 2003 terrae,
1009 1948 1135 1996 sicut
1167 1963 1325 2011 neque
1348 1948 1464 1996 vitri
1487 1965 1645 2012 neque
1670 1949 1836 2012 chaly-

442 2021 552 2069 bis:
589 2022 674 2070 sed
699 2023 823 2070 scire
856 2040 950 2081 me,
989 2023 1198 2071 docente
1234 2025 1551 2087 experientia,
1582 2024 1834 2072 fortiorem

441 2113 544 2145 esse
568 2098 883 2145 reflexionem
907 2115 1003 2161 quo
1029 2099 1197 2146 durius
1222 2107 1297 2146 est
1321 2115 1497 2162 corpus
1522 2100 1572 2146 in
1590 2099 1722 2163 quod
1744 2099 1835 2146 im-

439 2173 660 2236 pingitur
684 2181 733 2220 et
757 2173 891 2236 quod
914 2174 1163 2237 impingit:
1205 2174 1350 2221 modo
1388 2190 1488 2222 non
1525 2174 1588 2222 sit
1629 2174 1834 2223 durities

441 2264 499 2296 ea
522 2256 636 2296 actu
660 2249 867 2307 infinita,
894 2249 1025 2312 quod
1049 2258 1123 2297 est
1148 2249 1459 2312 impossibile.
1514 2250 1640 2298 Nam
1668 2250 1709 2298 si
1733 2266 1833 2299 non

441 2324 505 2371 sit
529 2340 587 2371 ea
610 2323 814 2371 durities
838 2331 951 2371 actu
986 2324 1194 2381 infinita,
1220 2323 1363 2371 cedet
1386 2324 1434 2371 vi
1459 2324 1620 2383 alicui,
1646 2333 1697 2373 et
1718 2341 1835 2388 pro·

439 2398 555 2447 inde
580 2399 744 2457 etiam,
770 2407 825 2447 ut
848 2406 962 2447 ante
987 2408 1236 2447 ostensum
1259 2407 1351 2458 est,
1375 2399 1648 2449 levissimae.
1696 2401 1834 2450 Dura

438 2483 619 2532 autem,
644 2490 740 2537 quo
772 2474 928 2537 magis
957 2482 1071 2522 sunt
1103 2474 1241 2532 dura,
1268 2482 1406 2522 tanto
1431 2476 1588 2538 magis
1617 2491 1668 2524 se
1690 2477 1834 2526 resti-

438 2558 602 2608 tuunt,
622 2549 829 2614 ideoque
849 2558 988 2598 tanto
1013 2550 1268 2598 fortiorem
1292 2550 1480 2599 faciunt
1499 2552 1830 2601 reflexionem.

439 2625 588 2675 Quod
611 2626 652 2673 si
676 2634 975 2689 supponeret
994 2626 1102 2690 quis
1123 2626 1354 2674 duritiem
1378 2626 1511 2674 illam
1529 2637 1646 2675 actu
1667 2628 1832 2676 infini-

439 2709 541 2749 tam
565 2707 614 2749 et
631 2701 979 2764 impossibilem
1000 2708 1099 2749 tam
1124 2702 1175 2749 in
1199 2702 1501 2765 impingente
1525 2719 1672 2765 quam
1696 2703 1748 2751 in
1771 2719 1831 2752 eo

437 2777 489 2825 in
514 2776 646 2841 quod
670 2776 973 2840 impingitur,
994 2793 1138 2825 nemo
1156 2794 1371 2841 unquam
1391 2778 1693 2842 experientia
1713 2795 1830 2843 cog-

437 2862 608 2902 noscet
622 2861 790 2901 utrum
810 2853 1010 2901 reflexio
1025 2854 1165 2902 fieret
1182 2869 1349 2902 necne.
1399 2853 1472 2902 Sit
1497 2854 1628 2902 enim
1652 2854 1829 2903 durum
