1982 3204
403 250 501 294 208
703 259 992 295 PRINCIPIA
1021 260 1087 292 ΕΤ
1115 256 1488 292 PROBLEMATA

155 389 244 415 cu.
266 389 339 416 xn.
393 380 606 444 judicari
643 381 813 445 possit,
838 396 1077 444 exponam
1118 395 1225 442 ego.
1298 376 1545 427 Quoniam
1583 375 1796 439 spatium

156 482 201 511 De
217 481 347 511 sanaem,
399 456 598 504 transiri
637 465 776 504 motu
822 473 884 504 ne
922 456 1179 503 minimum
1219 453 1416 517 quidem
1457 460 1635 515 potest,
1676 452 1795 515 quin

398 531 616 595 ejusdem
640 533 784 596 spatii
807 532 942 596 prius
967 531 1222 579 dimidium
1247 528 1596 577 transeundum
1621 528 1709 575 sit:
1744 534 1796 574 et

399 608 543 671 spatii
568 607 987 670 quantulicunque
1026 622 1167 654 suum
1205 621 1373 653 rursus
1411 612 1485 652 est
1523 602 1794 660 dimidium,

398 691 449 731 et
473 683 541 730 sic
564 691 803 746 perpetuo
825 702 836 730 ε
864 682 1116 730 concludit
1139 682 1288 737 Zeno,
1314 687 1562 742 assumpto
1582 678 1795 741 spatium

397 759 586 807 nullum
613 759 810 806 transiri
834 774 976 821 posse
1003 759 1052 805 in
1084 758 1314 814 instante,
1341 755 1535 803 infinito
1572 762 1796 817 tempore

396 850 519 898 opus
550 850 654 882 esse
685 842 743 881 ut
780 834 988 897 spatium
1029 832 1514 896 quantulumcunque
1552 830 1795 893 permeari

395 917 578 973 posset.
627 909 945 957 Manifestum
964 916 1128 956 autem
1150 916 1240 965 est,
1257 907 1298 954 si
1323 906 1536 969 spatium
1554 905 1795 969 permeari

395 1000 495 1033 non
537 993 701 1046 potest
741 985 845 1032 sine
886 992 1026 1032 motu
1062 992 1261 1042 aeterno,
1303 982 1502 1030 omnino
1553 980 1795 1044 permeari

395 1076 495 1108 non
512 1076 670 1123 posse.

463 1136 822 1198 Argumentum
845 1135 954 1193 hoc,
981 1141 1236 1197 acceptum
1260 1149 1290 1180 a
1313 1132 1509 1180 Zenone
1539 1132 1792 1194 magistro,

396 1212 878 1274 exemplificaverunt
904 1210 1058 1258 Stoici
1093 1210 1143 1257 in
1177 1209 1368 1256 Achille
1392 1207 1598 1271 pedibus
1635 1207 1791 1254 veloci

396 1295 448 1335 et
480 1287 766 1350 tardigrada
801 1286 1078 1334 testudine:
1117 1285 1457 1346 dicebantque,
1484 1283 1790 1330 committen-

395 1370 471 1410 tes
495 1363 545 1410 in
572 1362 731 1410 stadio
755 1361 998 1409 Achillem
1022 1368 1072 1408 et
1097 1359 1412 1416 testudinem,
1437 1359 1565 1406 hanc
1584 1367 1790 1421 quantu-

395 1439 638 1501 lacunque
686 1437 921 1485 distantia
966 1435 1342 1484 antecedentem
1383 1434 1623 1482 Achillem
1668 1438 1790 1481 nun-

394 1530 540 1578 quam
572 1521 950 1577 assequuturum
988 1528 1109 1560 esse.
1181 1512 1348 1561 Quare
1386 1509 1590 1558 autem?
1661 1510 1792 1564 Quia

394 1590 511 1637 dum
536 1589 788 1637 dimidiam
813 1588 1097 1636 distantiam
1120 1588 1254 1635 illam
1283 1586 1602 1651 percurrebat
1624 1586 1792 1633 Achil-

389 1665 477 1721 les,
501 1666 881 1728 promovebatur
905 1665 1055 1712 etiam
1085 1663 1281 1712 testudo
1315 1662 1706 1726 aliquantulum:
1741 1670 1792 1710 et

391 1757 559 1789 rursus
604 1748 924 1804 percurrente
972 1739 1170 1803 reliquae
1222 1739 1468 1787 distantiae
1516 1737 1789 1795 dimidium,

390 1817 773 1880 promovebatur
803 1817 982 1864 iterum
1007 1816 1155 1863 etiam
1180 1815 1393 1864 testudo.
1466 1813 1678 1862 Puderet
1700 1813 1790 1861 has

390 1907 547 1955 nugas
571 1892 795 1948 recitare,
819 1892 912 1939 nisi
935 1891 1165 1939 vidissem
1189 1906 1310 1954 quos
1341 1890 1541 1937 minime
1570 1890 1790 1953 oportuit

391 1966 672 2030 hujusmodi
695 1967 898 2014 fallaciis
922 1966 1190 2030 puerilibus
1227 1965 1388 2029 decipi
1422 1980 1581 2028 posse.
1654 1964 1790 2013 Quid

393 2050 560 2090 autem
605 2042 1001 2105 respondendum
1048 2041 1157 2090 est?
1236 2040 1653 2104 Respondendum
1698 2048 1788 2096 est,

390 2118 567 2181 primo,
593 2118 769 2165 mirum
794 2133 892 2165 non
917 2133 1022 2165 esse
1047 2117 1086 2165 si
1110 2117 1484 2165 antecedentem
1509 2131 1788 2179 quanquam

389 2193 585 2241 tardum
604 2208 857 2256 nunquam
881 2200 1171 2256 assequatur
1194 2192 1234 2240 is
1250 2191 1334 2255 qui
1357 2191 1504 2238 nolit:
1530 2190 1641 2238 talis
1656 2189 1788 2237 enim

389 2276 464 2316 est
487 2277 667 2316 natura
690 2275 868 2326 motus,
893 2276 949 2316 ut
973 2268 1056 2332 qui
1080 2267 1390 2315 velocitatem
1424 2281 1562 2313 suam
1586 2281 1676 2329 pro
1709 2282 1788 2313 ra-

386 2345 523 2392 tione
546 2344 692 2407 spatii
716 2343 848 2408 quod
871 2343 1164 2406 relinquitur
1199 2357 1392 2404 semper
1414 2341 1518 2388 vult
1541 2348 1627 2388 aut
1650 2341 1784 2404 cogi-

385 2429 470 2467 tur
490 2419 758 2477 remittere,
774 2434 836 2466 ne
862 2418 1119 2466 minimum
1137 2417 1335 2481 quidem
1359 2416 1572 2479 spatium
1587 2432 1784 2478 percur-

386 2503 466 2543 rat
489 2510 720 2558 unquam.
780 2493 1025 2551 Secundo,
1050 2492 1181 2556 quod
1203 2493 1259 2540 fit
1282 2492 1343 2539 ab
1367 2507 1466 2539 uno
1492 2499 1597 2539 toto
1621 2491 1783 2555 aliquo

384 2577 438 2618 et
461 2571 565 2634 ejus
591 2568 810 2626 dimidio,
836 2576 888 2616 et
911 2568 1100 2616 dimidii
1125 2567 1346 2625 dimidio,
1365 2575 1415 2614 et
1440 2567 1510 2614 sic
1528 2574 1784 2625 aeternum,

387 2645 548 2693 minus
585 2644 678 2693 erit
710 2660 856 2708 quam
894 2643 1009 2691 duo.
1077 2644 1292 2691 Tantum
1330 2642 1468 2690 abest
1503 2650 1560 2690 ut
1598 2642 1783 2691 faciant

384 2729 579 2784 tempus
603 2719 866 2767 infinitum.
913 2719 990 2767 Ab
1015 2718 1098 2766 illo
1123 2734 1240 2782 ergo
1264 2717 1472 2765 Zenonis
1492 2726 1782 2781 argumento

386 2796 557 2845 inferri
602 2811 703 2844 non
748 2801 910 2858 potest
949 2794 1190 2843 Achillem
1227 2793 1487 2842 velocitate
1534 2809 1631 2856 qua
1654 2801 1782 2841 erat
