1982 3204
173 402 265 429 CAR
279 402 319 430 V·

164 488 209 518 De
223 490 347 528 angulis.

414 262 504 314 174
712 274 1001 308 PRINCIPIA
1029 274 1095 307 ET
1122 271 1492 306 PROBLEMATA

408 385 491 433 Be.
570 385 668 434 Sed
699 387 883 435 chorda
916 402 1057 434 arcus
1094 384 1283 433 dimidii
1315 384 1398 432 BC
1432 390 1508 431 est
1538 389 1672 431 recta
1709 383 1797 442 Bb,

406 476 515 524 quae
539 463 695 525 major
718 471 793 511 est
818 479 965 525 quam
990 463 1074 510 Be.
1132 461 1280 524 Ergo,
1302 476 1391 523 per
1415 476 1521 523 cap.
1539 460 1572 507 i.
1596 475 1730 508 num.
1750 467 1798 517 2,

404 538 565 586 minor
589 546 662 587 est
685 539 812 587 ratio
837 554 979 586 arcus
1004 537 1205 585 minoris
1231 535 1303 583 Bb
1326 535 1387 584 ad
1409 551 1546 583 suam
1565 535 1799 584 chordam

404 613 495 672 Bb,
519 630 666 677 quam
691 629 833 661 arcus
859 613 1056 674 majoris
1078 612 1160 660 BC
1185 612 1247 660 ad
1273 611 1357 659 BC
1384 610 1618 659 chordam
1643 627 1797 660 suam.

470 704 527 737 x.
565 689 797 752 Sequitur
825 689 956 747 hinc,
982 689 1023 735 si
1051 703 1194 736 arcus
1227 687 1298 735 Bb
1320 687 1469 734 fuerit
1492 687 1721 745 bisectus‚
1747 693 1799 734 et

402 765 764 828 bisegmentum
804 764 908 826 ejus
949 763 1098 811 fuerit
1138 779 1305 811 rursus
1341 762 1599 819 bisectum‚
1637 770 1688 809 et
1727 762 1798 810 sic

403 847 642 903 perpetuo
673 839 862 902 quoties
896 839 1002 886 fieri
1035 845 1212 902 potest,
1245 838 1350 885 fore
1390 845 1446 886 ut
1484 837 1799 900 perveniatur

405 915 603 963 tandem
626 915 689 962 ad
714 925 1018 976 segmentum
1046 930 1188 962 arcus
1221 915 1360 976 cujus
1393 928 1617 961 excessus
1650 928 1798 976 supra

403 990 637 1038 chordam
654 990 901 1053 propriam
916 990 1076 1036 minor
1099 990 1161 1037 sit
1179 989 1313 1037 omni
1329 988 1635 1052 longitudine
1650 987 1768 1036 data
1783 1007 1798 1037 ε

405 1074 472 1120 et,
498 1082 586 1128 per
609 1081 929 1128 consequens,
961 1065 1121 1112 minor
1159 1064 1419 1112 latitudine
1455 1065 1597 1112 lineae
1635 1065 1798 1127 cujus-

403 1157 598 1204 cunque
621 1141 932 1188 latitudinem
954 1140 1179 1188 habentis
1203 1140 1697 1204 quantulamcunque.

471 1232 550 1264 xi.
589 1217 836 1274 Similiter,
862 1217 902 1264 si
940 1216 1070 1264 linea
1105 1223 1242 1264 recta
1271 1215 1531 1273 bisecetur,
1556 1224 1607 1263 et
1636 1215 1798 1279 hiseg-

403 1301 573 1340 menta
596 1293 700 1355 ejus
732 1308 898 1340 rursus
936 1293 1214 1340 bisecentur
1249 1291 1438 1355 quoties
1474 1291 1582 1339 fieri
1616 1298 1797 1355 potest,·

402 1367 718 1430 pervenietur
759 1367 960 1415 tandem
1005 1367 1068 1415 ad
1107 1374 1415 1430 segmentum
1456 1366 1618 1414 minus
1663 1367 1797 1415 omni

409 1443 683 1505 quantitate
707 1443 1005 1505 assignabili,
1031 1450 1082 1490 et
1103 1442 1311 1505 proinde
1334 1442 1495 1490 minus
1518 1457 1664 1506 quam
1686 1442 1799 1491 lati-

405 1517 525 1573 tudo
548 1518 691 1566 lineae
714 1518 1025 1565 latitudinem
1053 1517 1278 1565 habentis
1303 1517 1795 1582 quantulamcunque.

472 1608 576 1642 XII.
613 1593 745 1641 Illud
767 1602 931 1642 autem
957 1593 1143 1642 dictum
1165 1593 1453 1651 universale,
1479 1609 1626 1641 arcus
1644 1593 1799 1642 omnis

404 1670 566 1732 major
589 1676 664 1717 est
687 1686 780 1717 sua
805 1669 1010 1727 chorda,
1033 1669 1374 1717 universaliter
1395 1685 1566 1718 verum
1597 1676 1725 1717 esset
1755 1669 1797 1718 si

404 1745 605 1792 daretur
627 1761 770 1793 arcus
794 1745 964 1793 circuli
988 1752 1038 1793 et
1055 1745 1184 1794 linea
1206 1752 1342 1794 recta
1365 1746 1503 1808 cujus
1522 1745 1657 1793 nulla
1668 1753 1799 1794 esset

402 1820 628 1868 latitudo.
700 1819 798 1868 Sed
822 1836 912 1868 nec
938 1820 1083 1869 datur
1113 1821 1243 1869 linea
1269 1820 1372 1868 sine
1402 1820 1680 1880 latitudine,
1710 1837 1798 1870 ne-

403 1911 513 1958 que,
548 1896 589 1943 si
630 1895 830 1943 daretur
866 1904 950 1943 aut
986 1904 1344 1959 supponeretur
1377 1903 1587 1954 tantum,
1611 1897 1798 1946 intrare

402 1977 569 2033 posset
605 1970 656 2018 in
695 1970 1164 2019 demonstrationem
1193 1972 1279 2019 ubi
1309 1972 1473 2035 agitur
1508 1971 1571 2020 de
1607 1972 1797 2021 ratione

402 2046 774 2109 superficierum
797 2054 883 2094 aut
908 2047 1191 2106 solidorum,
1215 2047 1330 2111 quia
1360 2055 1475 2096 sunt
1499 2047 1691 2097 diversa
1711 2064 1797 2112 ge-v

402 2138 522 2170 nera
562 2122 873 2185 quantitatis:
908 2123 1040 2186 quod
1086 2130 1279 2172 constat
1326 2139 1386 2171 ex
1424 2123 1710 2172 definitione
1748 2129 1797 2183 5,

402 2197 555 2245 Elem.
575 2214 621 2246 v.
647 2198 879 2245 Euclidis.
949 2198 1054 2246 Nec
1076 2198 1341 2256 Wallisius,
1365 2206 1502 2262 puto,
1525 2199 1668 2247 aliter
1691 2215 1797 2258 sen·v

403 2273 560 2331 sisset,
584 2272 679 2320 nisi
703 2273 838 2336 quod
862 2273 1081 2322 definitio
1118 2274 1202 2322 illa
1238 2274 1290 2321 in
1327 2274 1604 2336 Oughtredi
1644 2273 1799 2323 Clave

403 2347 743 2396 Arithmeticae
790 2348 919 2397 inter
962 2350 1203 2413 principia
1247 2350 1459 2413 algebrae
1505 2365 1607 2398 non
1662 2350 1798 2398 inve-

403 2425 584 2474 niatur.

471 2516 601 2556 xlu.
637 2502 696 2550 In
715 2502 850 2550 omni
873 2502 1135 2565 triangul0‚
1155 2502 1197 2550 si
1220 2501 1428 2566 angulus
1451 2509 1612 2550 sectus
1635 2502 1701 2551 sit
1721 2503 1798 2552 bi-

402 2576 591 2635 fariam,
616 2583 667 2625 et
690 2585 825 2629 recta
855 2594 964 2641 quae
1000 2584 1134 2626 secat
1157 2578 1391 2642 angulum
1414 2578 1625 2626 secuerit
1647 2579 1798 2628 etiam

403 2653 596 2701 basem:
628 2660 882 2718 segmenta
910 2654 1041 2703 basis
1078 2662 1223 2702 erunt
1256 2654 1308 2702 in
1345 2654 1536 2702 ratione
1571 2654 1796 2705 laterum.

403 2729 508 2789 Est,
556 2729 693 2779 Eucl.
733 2729 887 2779 Elem.
930 2730 993 2790 vi,
1034 2746 1174 2794 prop.
1214 2736 1262 2790 3,
1301 2730 1558 2794 perspicue
1595 2730 1797 2780 demon4

403 2812 572 2856 strata.

473 2895 590 2931 xxv.
627 2882 716 2933 Est
738 2881 873 2931 aliud
894 2897 1050 2945 genus
1078 2881 1246 2947 anguli
1279 2881 1414 2946 plani
1450 2898 1597 2946 quem
1617 2888 1796 2942 vocant
