1982 3204
159 396 249 422 CAP.
267 396 326 422 ΙΙΙ.

140 442 332 459 5-—2———2

125 483 170 510 De
184 483 354 519 operationi-

124 526 180 554 bus
193 526 354 564 algebricis.

395 260 488 303 168
691 270 982 305 PRINCIPIA
1010 271 1077 303 ET
1103 268 1475 303 PROBLEMATA

389 397 487 428 una
510 397 573 428 ex
592 382 771 445 regulis
795 382 1132 438 arithmeticae,
1158 380 1221 427 ad
1246 381 1385 442 cujus
1408 379 1648 427 theoriam
1673 394 1785 442 per-

390 456 670 505 discendam
696 475 817 521 opus
842 466 916 505 est
934 457 1082 504 biduo
1107 464 1193 503 aut
1218 455 1397 512 triduo,
1413 463 1469 502 ut
1492 454 1755 518 plurimum
1771 472 1786 501 ε

389 533 608 595 quamvis
633 532 694 580 ad
719 532 1157 596 promptitudinem
1177 530 1428 593 operandi,
1448 545 1570 593 opus
1590 530 1654 577 sit
1672 545 1785 577 con-

390 607 647 656 suetudine
671 608 879 656 fortasse
906 607 1055 654 trium
1080 606 1338 653 mensium.

957 926 1100 974 CAP.
1130 926 1215 973 IV.

488 1036 571 1084 De
593 1035 856 1100 quadratis
863 1034 1061 1099 figuris
1084 1041 1132 1082 et
1155 1034 1426 1098 quadratis
1449 1033 1683 1081 numeris,

392 1152 429 1185 1.
465 1138 682 1186 FIGURA
699 1136 936 1199 quadrata
960 1143 1011 1183 et
1033 1151 1264 1183 numerus
1289 1134 1569 1198 quadratus,
1584 1133 1781 1197 quando

388 1221 553 1276 partes
578 1213 761 1259 habent
781 1211 1042 1274 quadratas
1066 1211 1274 1259 totidem
1293 1218 1342 1258 et
1365 1210 1592 1274 aequales,
1612 1209 1785 1258 eadem

391 1297 465 1336 est
489 1305 593 1336 res:
630 1305 744 1336 nam
778 1289 938 1351 figura
959 1295 1065 1335 tota
1089 1295 1138 1334 et
1162 1302 1393 1334 numerus
1428 1286 1642 1350 partium
1675 1285 1783 1348 ejus

390 1364 520 1411 idem
546 1371 675 1411 sunt.

457 1455 519 1487 11.
555 1440 747 1502 Figurae
788 1438 1055 1502 quadratae,
1094 1437 1135 1485 si
1173 1436 1514 1484 describantur
1559 1451 1590 1483 a
1634 1435 1785 1484 radiis

390 1515 722 1562 crescentibus
744 1523 798 1562 ut
824 1514 1015 1562 numeri
1039 1514 1100 1561 ab
1124 1513 1314 1561 unitate
1334 1512 1384 1559 in
1407 1512 1532 1559 serie
1555 1511 1790 1570 naturali,

390 1590 623 1637 differunt
648 1590 777 1637 inter
792 1605 842 1637 se
866 1597 922 1637 ut
945 1588 1136 1637 numeri
1154 1587 1375 1651 ejusdem
1392 1586 1534 1635 seriei
1558 1587 1787 1650 impares.

390 1666 596 1728 Nempe,
620 1666 779 1728 figura
802 1665 1004 1712 minima
1027 1673 1100 1712 est
1125 1680 1247 1711 uua:
1272 1663 1387 1710 huic
1406 1662 1604 1710 additus
1622 1662 1786 1725 proxi·

389 1757 498 1788 mus
530 1756 761 1788 numerus
795 1741 967 1803 impar,
987 1740 1070 1802 qui
1097 1748 1172 1787 est
1209 1745 1256 1796 3,
1279 1738 1399 1786 facit
1431 1738 1639 1800 figuram
1664 1754 1787 1801 qua-

393 1816 584 1863 dratam
607 1816 879 1879 proximam
899 1821 945 1863 4.
998 1815 1129 1862 Huic
1149 1830 1315 1862 rursus
1338 1813 1533 1861 additus
1557 1829 1788 1861 numerus

392 1891 551 1954 impar
572 1891 822 1954 proximus
848 1897 893 1949 5,
918 1890 1038 1938 facit
1057 1889 1350 1953 quadratum
1373 1888 1574 1936 tertium
1600 1894 1648 1936 9.
1718 1889 1788 1936 Et.

393 1966 462 2013 sic
486 1974 737 2029 perpetuo.
808 1966 978 2028 Itaque
1003 1980 1228 2012 excessus
1253 1963 1604 2027 quadratorum
1628 1962 1786 2012 dicto-

393 2056 503 2087 rum
538 2047 766 2088 crescunt
801 2048 858 2088 ut
894 2039 1085 2088 numeri
1121 2040 1181 2087 ab
1216 2039 1406 2087 unitate
1443 2038 1670 2102 impares,
1693 2039 1788 2088 viz.

399 2121 441 2174 l,
459 2122 505 2173 3,
527 2121 573 2174 5,
594 2117 640 2173 7,
667 2123 761 2163 etc.

462 2206 548 2238 111.
600 2190 649 2238 Si
686 2190 870 2238 fuerint
905 2198 1006 2237 tres
1029 2189 1255 2252 quadrati
1299 2189 1528 2252 deinceps
1562 2189 1790 2252 proximi,

393 2284 424 2316 a
446 2266 607 2314 medio
631 2273 796 2313 autem
820 2265 1067 2312 auferatur
1098 2264 1291 2312 unitas:
1329 2280 1561 2311 numerus
1595 2264 1679 2327 qui
1710 2280 1789 2312 re-

392 2342 630 2406 linquitur
654 2349 727 2389 est
752 2341 940 2388 medius
963 2340 1340 2403 proportionalis
1367 2341 1496 2388 inter
1519 2348 1785 2388 extremos.

394 2418 618 2481 Exempli
654 2433 816 2474 causa,
851 2422 955 2474 100,
975 2420 1152 2474 81,64,
1189 2424 1303 2463 sunt
1337 2414 1528 2463 numeri
1562 2414 1788 2478 quadrati

395 2494 627 2557 deinceps
650 2492 874 2556 proximi.
943 2491 1242 2539 Detrahatur
1265 2491 1426 2538 unitas
1451 2490 1512 2538 ab
1539 2494 1620 2548 81,
1639 2490 1787 2539 relin-

394 2570 562 2633 quitur
586 2575 666 2626 80,
690 2568 773 2631 qui
808 2567 996 2616 medius
1033 2574 1107 2614 est
1138 2565 1516 2629 proportionalis
1548 2565 1679 2613 inter
1702 2581 1786 2614 ex-

394 2654 577 2693 tremos
608 2650 699 2692 100
731 2650 780 2690 et
812 2648 894 2691 64.
965 2641 1215 2700 Similiter,
1249 2645 1330 2700 49,
1352 2646 1431 2699 36,
1451 2645 1514 2689 25
1550 2648 1666 2689 sunt
1695 2656 1787 2689 nu-

395 2720 517 2769 meri
563 2718 788 2782 quadrati
834 2717 1063 2781 deinceps
1108 2716 1334 2780 proximi.
1420 2716 1465 2763 A
1510 2715 1673 2764 medio
1722 2722 1785 2765 36

395 2796 645 2844 auferatur
667 2794 844 2852 unitas,
870 2800 1021 2841 restat
1053 2798 1146 2848 35;
1194 2791 1382 2840 medius
1411 2791 1787 2855 proportionalis

395 2873 526 2920 inter
549 2878 611 2919 49
638 2878 686 2919 et
710 2873 790 2919 25.
863 2870 987 2918 Item
1020 2869 1069 2916 in
1100 2869 1177 2917 his
1200 2873 1248 2928 9,
1270 2873 1316 2928 4,
1344 2873 1357 2916 l
1389 2887 1400 2916 :
1438 2867 1479 2916 si
1504 2883 1532 2916 a
1557 2867 1720 2917 medio
1754 2873 1783 2916 4
