1982 3204
359 268 452 317 372
912 280 1173 312 Hus'romA

416 387 598 439 Nititur,
621 394 748 443 atque
769 404 895 431 unam
916 389 1182 432 constabilire
1204 389 1378 431 Fidem:

360 460 387 479 “
407 454 542 505 Lex'',
563 454 717 510 inquit,
739 460 766 479 “
780 455 855 497 fiet
875 455 1077 510 quicquid
1098 455 1319 504 statuetis3
1342 462 1386 498 et
1406 455 1519 496 illam

418 525 444 544 ‘⁶
461 519 630 563 Curabo
650 536 703 563 ne
724 521 818 576 quis
838 522 1171 578 transgrediatur
1191 521 1303 577 ego'’.

363 586 478 629 Hinc
498 586 626 643 vulgo
647 586 782 629 visum
805 593 881 637 est,
904 587 947 628 in
968 588 1093 629 rebus
1114 587 1358 643 relligionis,

420 651 640 696 Consensu
659 652 792 709 Regis
813 668 897 695 non
918 668 1022 709 opus
1043 668 1131 695 esse
1152 653 1228 694 sui.
1660 656 1744 695 850

363 718 491 761 Unus
510 718 743 761 habebatur
763 718 966 775 Princeps
987 733 1157 773 quoque
1179 719 1230 760 de
1250 734 1378 775 grege
1401 718 1556 768 Caesar,

424 784 563 840 Seque
585 799 671 827 suae
696 784 868 842 Synodo
890 785 1068 827 subdere
1089 785 1203 827 visus
1224 792 1325 827 erat.

366 853 515 908 thue
534 851 618 900 alii,
639 858 816 908 poterat,
839 852 873 894 si
893 852 1155 894 dissensisset
1175 853 1227 893 ab
1248 851 1331 902 illa,

423 917 664 969 Haereticus
680 917 761 960 dici
781 917 946 974 legibus
967 917 1055 974 ipse
1077 917 1175 959 suis.

367 985 464 1028 Non
484 984 604 1026 illum
626 983 800 1026 Domini
821 990 965 1026 sancta
986 983 1193 1039 depellere
1214 998 1330 1026 coena

425 1050 645 1092 Hactenus
665 1049 888 1092 audebant.
951 1050 1068 1105 Spes,
1091 1049 1162 1091 sed
1183 1049 1366 1099 inermis,
1389 1056 1490 1092 erat.

370 1116 485 1158 Hinc
506 1130 676 1171 quoque
696 1122 999 1171 praesumptum
1020 1122 1083 1157 est
1104 1115 1340 1171 conscripta
1359 1116 1526 1158 oracula
1545 1115 1663 1158 libris

429 1180 568 1232 Sacra,
591 1181 816 1224 sacerdotis
837 1181 966 1224 solius
988 1197 1059 1224 ore
1079 1181 1208 1236 loqui.

371 1249 563 1304 Quaeque
583 1248 635 1290 ad
659 1247 898 1304 Scripturas
919 1254 1132 1304 spectarat
1150 1248 1282 1290 libera
1303 1247 1462 1299 sacras,

429 1315 496 1358 Ad
519 1315 668 1358 Patres
688 1321 850 1370 spectat
870 1329 985 1357 nunc
1005 1314 1225 1370 pavefacta
1244 1313 1383 1356 Fides.
1667 1315 1751 1355 860

373 1382 487 1438 Lege
508 1381 591 1424 Dei
611 1380 740 1437 dupla
758 1380 871 1423 facta
890 1386 955 1423 est
976 1379 1165 1423 Ecclesia
1183 1380 1339 1436 bicepS,

428 1447 526 1490 Lex
545 1462 630 1489 una
650 1453 714 1489 est
734 1446 896 1496 animis,
918 1446 1050 1488 altera
1070 1445 1326 1502 corporibus.

374 1514 521 1568 Atque
541 1513 698 1569 duplex
718 1511 907 1555 homines
926 1513 1113 1554 terrebat
1133 1527 1255 1568 poena
1274 1511 1469 1563 misellos,

431 1579 616 1636 Cognita
635 1594 758 1635 poena
778 1593 936 1629 omnes,
958 1578 1117 1621 credita
1137 1593 1260 1634 poena
1279 1577 1381 1634 pios.

374 1646 459 1688 Sec.
493 1645 653 1701 Magna
672 1645 769 1695 fuit,
791 1644 939 1695 fateor,
965 1643 1234 1701 Synodorum
1254 1644 1390 1700 prisca
1409 1650 1617 1700 potestas:

432 1712 576 1767 Atqui
596 1726 662 1754 res
681 1710 878 1768 Synodus
899 1726 992 1753 rara
1011 1710 1236 1766 brevisque
1256 1709 1356 1753 fuit:

375 1778 471 1821 Nec
491 1777 621 1834 Papae
642 1777 783 1834 potuit
803 1777 1029 1820 concedere
1049 1776 1166 1834 regia
1179 1777 1298 1833 jura;

433 1843 529 1886 Nec
549 1844 742 1899 quamvis
763 1850 972 1900 poterant,
994 1843 1037 1885 id
1056 1842 1239 1886 voluisse
1258 1849 1374 1899 puto.

376 1911 455 1953 Pr.
488 1910 575 1953 Per
594 1917 778 1965 quatuor
800 1908 995 1966 Synodos
1015 1909 1170 1966 primas
1190 1916 1446 1964 centumque
1466 1923 1541 1965 per
1559 1923 1692 1950 annos

436 1977 520 2019 Per
539 1991 686 2033 regum
708 1975 930 2026 inscitiam,
951 1990 1027 2032 per
1047 1975 1334 2031 populumque
1354 1975 1502 2025 levem,
1675 1976 1760 2016 870

379 2042 584 2087 Creverat
603 2043 779 2085 obscure
800 2041 931 2098 Papae
951 2041 1112 2084 furtiva
1133 2047 1339 2098 potestas:

436 2109 584 2152 Donec
606 2108 796 2151 Romano
816 2109 1004 2165 principe
1025 2109 1157 2165 major
1176 2114 1279 2151 erat.

380 2175 604 2225 Nimirum,
626 2175 807 2232 piscator
827 2182 928 2225 erat,
950 2175 1192 2231 piscemque
1212 2173 1390 2231 petivit3

436 2241 498 2284 Et
517 2242 770 2298 piscatorum
791 2249 924 2284 coetus
946 2248 1036 2285 erat
1059 2240 1270 2298 Synodus.

383 2308 466 2353 Sed
487 2324 562 2365 pro
581 2308 695 2365 pisce
714 2308 798 2351 fuit
818 2324 957 2351 rerum
980 2323 1175 2364 suprema
1194 2313 1399 2364 potestas:

439 2374 671 2432 Capturam
692 2375 859 2418 facilem
880 2374 1051 2418 turbida
1070 2375 1232 2431 praebct
1252 2388 1374 2429 aqua.

383 2439 551 2484 Cuncta
570 2440 688 2483 fuere
709 2441 825 2497 prius
846 2441 1031 2484 tenebris
1051 2439 1272 2495 turbisque
1292 2439 1506 2495 replenda,

443 2506 670 2549 Terrarum
691 2507 850 2550 domini
871 2522 998 2563 quam
1018 2514 1194 2564 potuere
1213 2506 1317 2562 capi.

385 2573 446 2615 Et
464 2579 604 2629 partes
624 2571 786 2628 aliquas
807 2573 886 2615 sibi
906 2572 1001 2615 vult
1019 2572 1191 2615 fortuna
1209 2571 1405 2627 relinqui,

442 2637 551 2692 Quae
572 2638 724 2680 summi
746 2638 875 2681 tacita
895 2645 960 2681 est
979 2637 1088 2681 actio
1109 2644 1224 2680 certa
1241 2637 1336 2681 Dei.
1683 2639 1768 2679 880

385 2706 468 2748 Sec.
500 2704 667 2748 Verum
689 2720 773 2760 quo
795 2711 930 2762 pacto,
951 2705 1003 2748 de
1024 2719 1208 2761 paupere
1234 2703 1592 2761 Philosophastro‚

443 2770 645 2816 obtinuit
665 2772 787 2814 terris
808 2771 1024 2829 proximus
1045 2786 1134 2814 esse
1157 2771 1282 2814 Deo?

385 2838 464 2879 Pr.
499 2836 701 2880 Historiae
721 2837 839 2880 filum
861 2837 974 2893 quod
994 2851 1107 2879 nune
1128 2836 1283 2879 subtile
1303 2842 1463 2887 retexo,

443 2903 653 2947 Ostendet
672 2903 857 2948 breviter
877 2902 1180 2961 perspicueque
1202 2902 1317 2946 satis.
