1982 3204
579 284 894 319 TRACTATUS
922 262 1170 318 op‘ricus.
1475 275 1570 318 219

675 473 1004 510 PROPOSITIO
1031 472 1092 506 11.

190 561 359 611 Motus
391 579 424 610 a
462 561 626 610 lucido
661 562 734 610 ad
762 560 949 608 oculum
973 563 1302 624 propagatur
1335 573 1433 621 per
1462 574 1575 605 con-

299 638 485 686 tinuam
510 637 824 700 rejectionem
843 635 1014 700 partis
1038 633 1186 682 medii
1210 632 1468 697 contiguae.

260 731 610 795 Supposuimus
639 728 918 792 (hypothesi
942 726 1110 786 tertia)
1132 740 1290 789 neque
1315 725 1577 787 objectum,
1644 752 1753 777 pum».
1772 751 1812 776 u.

191 822 351 871 neque
374 814 564 870 partem
588 804 798 868 aliquam
823 804 927 866 ejus
952 815 1295 866 quamcunque
1319 800 1370 847 in
1397 798 1579 847 visione
1632 796 1821 819 *ῳ

192 882 400 930 transire
423 880 485 928 ad
509 879 739 934 oculum;
774 894 932 942 neque
957 877 1084 925 ullus
1118 876 1240 924 alius
1279 875 1450 922 modus
1483 891 1579 938 quo

190 965 355 1006 motus
378 956 440 1004 ad
465 955 742 1003 distantiam
766 961 1066 1018 propagetur
1098 951 1368 1014 excogitari
1403 959 1579 1013 potest,

192 1040 372 1097 praeter
411 1031 547 1079 illum
585 1046 730 1093 quem
766 1029 1126 1093 proposuimus.
1197 1025 1427 1090 Sequitur
1462 1042 1579 1089 ergo

193 1107 328 1157 illum
351 1122 472 1155 esse.

667 1251 997 1286 PROPOSITIO
1025 1250 1109 1283 111.

273 1338 603 1387 considerare
628 1338 857 1402 quomodo
878 1338 985 1399 fiat
1009 1336 1181 1391 lumen,
1205 1341 1254 1382 et
1277 1334 1401 1399 quid
1417 1335 1498 1382 sit.
1562 1394 1566 1397 χ

264 1433 339 1481 Sit
382 1432 688 1496 propositum
734 1431 966 1488 lucidum,
1005 1444 1181 1492 corpus
1222 1427 1402 1482 solare;
1445 1430 1583 1492 cujus

197 1515 420 1557 centrum
443 1508 503 1566 A,
527 1506 887 1555 semidiameter
911 1505 1027 1553 AB:
1053 1503 1132 1551 cui
1156 1502 1586 1551 circumscribatur

198 1583 327 1632 orbis
341 1583 680 1632 concentricus
699 1584 838 1646 cujus
853 1580 1096 1630 crassities
1112 1579 1210 1627 BC.
1250 1578 1432 1627 Orbem
1448 1596 1584 1638 voco,

198 1658 405 1708 solidum
425 1666 711 1707 contentum
735 1659 865 1706 inter
882 1658 1003 1705 duas
1026 1655 1289 1720 sphaericas
1309 1655 1588 1718 superficies

199 1734 550 1783 concentricaS.
654 1735 840 1782 Rursus
887 1733 995 1781 orbi
1042 1732 1125 1780 BC

199 1809 600 1874 circumponatur
646 1809 778 1858 orbis
831 1809 954 1856 alius
1008 1824 1126 1856 con-

200 1886 443 1934 centricus
467 1884 568 1943 CD,
589 1893 640 1933 et
661 1885 777 1932 huic
795 1883 919 1932 alter
938 1883 1053 1932 DE:
1078 1890 1128 1931 et

199 1959 372 2009 eodem
395 1961 542 2008 modo
565 1967 877 2024 quotcunque
900 1959 999 2018 alii,
1023 1958 1125 2021 qui-

198 2035 320 2085 libet
354 2036 554 2084 cuilibet
581 2035 797 2098 aequalis,
882 2034 1127 2084 Quoniam

200 2126 319 2175 ergo
390 2110 657 2159 exteriores
721 2110 1127 2159 circumferentiae

201 2201 392 2251 semper
414 2187 622 2249 majores
652 2192 767 2234 sunt
797 2185 1126 2244 interioribus,

203 2268 348 2310 erunt
378 2261 627 2325 reciproce
664 2261 906 2309 crassities
942 2260 1231 2309 interiorum
1262 2261 1455 2310 orbium
1490 2276 1591 2308 ma-

198 2336 332 2399 jores
356 2352 502 2400 quam
525 2336 822 2384 exteriorum
842 2355 855 2384 :
896 2352 1046 2400 quare
1069 2338 1225 2401 major
1247 2345 1321 2386 est
1340 2336 1422 2385 BC
1447 2351 1593 2400 quam

205 2411 372 2471 CD,et
389 2412 474 2460 CD
490 2427 636 2475 quam
652 2411 754 2460 DE.
792 2411 1038 2461 Quoniam
1048 2413 1151 2475 jam
1169 2428 1257 2476 per
1270 2413 1505 2477 primam,
1521 2410 1593 2459 sol

206 2485 379 2536 dilatat
396 2502 448 2535 se
471 2495 523 2536 et
539 2488 769 2535 tumescit
791 2487 843 2535 in
861 2487 1039 2536 molem
1070 2489 1322 2552 majorem,
1348 2502 1593 2551 suppona-

205 2577 315 2610 mus
352 2561 501 2610 solem
537 2561 589 2610 in
624 2561 846 2621 diastole,
882 2562 984 2611 sive
1024 2563 1363 2622 tumescentia,
1399 2576 1593 2625 aequare

206 2642 362 2684 totam
376 2635 615 2701 sphaeram
634 2637 711 2700 cuj
717 2652 773 2685 us
786 2636 1144 2686 semidiameter
1158 2647 1232 2687 est
1246 2638 1347 2687 Ac.
1384 2637 1594 2686 Necesse

206 2726 325 2774 ergo
349 2718 423 2759 est
445 2719 503 2759 ut
526 2712 675 2761 medii
697 2728 811 2776 pars
835 2729 942 2776 quae
977 2722 1083 2762 erat
1106 2713 1157 2762 in
1183 2714 1301 2762 orbe
1326 2713 1428 2772 BC,
1452 2719 1595 2761 exeat

207 2785 261 2833 in
283 2785 445 2834 locum
468 2786 560 2835 sibi
583 2788 818 2852 aequalem
840 2790 1134 2852 proximum,
1152 2806 1328 2854 nempe
1352 2790 1402 2838 in
1426 2790 1594 2837 orbem

211 2859 322 2910 CD:
363 2860 507 2925 idque
554 2861 725 2912 eodem
766 2871 1000 2928 tempore.
1074 2864 1204 2914 Nam
1245 2882 1339 2929 quo
1382 2865 1593 2913 instante
