1982 3204
464 281 536 315 An
563 278 819 317 cAn'rsssn
847 277 1284 311 MEDITATIONES.
1470 266 1566 317 257

182 392 487 456 cogitatione
510 391 788 454 distinguor
811 390 913 454 ipse
937 404 1028 451 ego
1045 388 1128 451 qui
1152 387 1314 450 cogito
1336 406 1347 434 ε
1373 394 1421 435 et
1440 403 1469 435 a
1493 403 1570 435 me
1620 405 1815 433 omnm-10

184 483 283 516 non
305 476 579 531 separatam
599 466 813 529 quidem,
833 464 917 512 sed
936 463 1176 511 diversam
1192 478 1297 509 esse
1315 478 1472 510 meam
1493 479 1569 510 eo·
1694 460 1751 485 ¹¹¹·
1808 503 1814 513 ,

181 542 488 607 gitationem,
505 558 564 590 eo
589 541 734 589 modo
755 556 867 604 quo,
884 547 940 587 ut
958 546 1071 586 ante
1088 536 1276 584 dictum
1299 547 1388 596 est,
1404 537 1571 585 distin-

93 619 98 622 ’
182 618 354 681 guitur
377 617 571 665 saltatio
594 633 624 664 a
647 616 871 663 saltante.
930 612 1078 662 Quod
1097 612 1138 660 si
1157 611 1285 660 D.C.
1306 612 1575 673 ostend—erit

185 692 318 741 idem
349 708 453 740 esse
486 708 596 740 eum
625 692 707 754 qui
738 689 982 752 intelligit,
1015 697 1066 735 et
1094 687 1414 744 intellectum,
1452 687 1576 734 reci-

186 767 425 816 demusin
446 767 643 815 modum
663 764 893 828 loquendi
919 762 1283 821 scholasticum,
1296 761 1576 810 intellectus

186 842 439 908 intelligit,
478 842 609 889 visus
645 839 792 894 videt,
825 838 1050 886 voluntas
1085 836 1203 896 vult,
1235 845 1301 896 et,
1335 853 1424 901 per
1460 853 1577 884 ana-

186 917 369 982 logiam
414 917 664 980 optimam,
712 914 994 972 ambulatio,
1034 913 1109 961 vel
1156 913 1329 961 saltem
1368 913 1579 960 facultas

187 991 486 1049 ambulandi,
525 989 812 1038 ambalabit.
883 989 1009 1038 Quae
1045 988 1211 1036 omina
1245 988 1467 1046 obscura,
1492 989 1577 1036 im·

187 1067 401 1132 propria,
425 1065 774 1130 perspicuitate
798 1063 941 1111 solita
964 1062 1153 1111 domini
1184 1063 1283 1112 Des
1307 1063 1478 1112 Cartes
1510 1064 1577 1111 in·

186 1141 487 1207 dignissima.

721 1270 1045 1304 REsPONsio.

255 1370 372 1418 Nou
395 1384 538 1432 nego,
564 1382 642 1414 me
674 1367 759 1430 qui
794 1367 975 1430 cogito,
1005 1365 1241 1430 distingui
1265 1383 1295 1414 a
1318 1382 1427 1414 mea
1449 1367 1581 1429 cogi»

189 1445 394 1502 tatione,
418 1453 474 1492 ut
496 1459 599 1491 rem
623 1458 654 1490 a
677 1442 823 1489 modo
843 1461 854 1488 :
891 1442 978 1490 sed
1003 1441 1086 1489 ubi
1114 1458 1294 1505 quaero,
1319 1442 1441 1505 quid
1458 1457 1584 1505 ergo

190 1527 269 1570 est
302 1518 436 1584 quod
461 1535 493 1566 a
529 1533 637 1566 mea
673 1516 975 1581 cogitatione
1013 1516 1371 1581 distinguatur,
1395 1517 1490 1564 hoc
1513 1517 1583 1564 in-

193 1595 362 1659 telligo
384 1595 445 1643 de
467 1594 615 1642 variis
639 1592 891 1656 cogitandi
919 1591 1077 1639 modis
1099 1592 1167 1639 ibi
1190 1592 1461 1650 recensitis,
1485 1608 1584 1640 non

193 1671 259 1720 de
281 1686 391 1719 mea
412 1668 717 1718 substantia:
754 1677 805 1715 et
841 1667 926 1715 ubi
956 1666 1101 1725 addo,
1138 1667 1259 1731 quid
1284 1667 1419 1731 quod
1451 1684 1485 1715 a
1514 1683 1588 1715 me

193 1746 305 1811 ipso
344 1751 624 1810 separatum
666 1743 769 1791 dici
802 1742 986 1807 possit,
1010 1743 1232 1806 significo
1264 1750 1457 1790 tantum
1479 1743 1587 1791 illos

193 1837 363 1871 omnes
380 1820 630 1885 cogitandi
650 1818 820 1867 modos
839 1819 958 1866 mihi
982 1819 1169 1867 inesse:
1195 1834 1286 1866 nec
1305 1818 1447 1867 video
1467 1819 1586 1882 quid

194 1898 275 1947 hic
299 1897 436 1946 dubii
458 1897 535 1944 vel
560 1895 755 1944 obscuri
774 1894 894 1957 fingi
916 1894 1086 1957 possit.

706 2079 974 2113 OBJECTIO
1002 2079 1078 2112 lv.

205 2168 445 2233 Superest
470 2167 632 2232 igitur
651 2172 705 2214 ut
727 2165 1003 2223 concedam,
1018 2181 1092 2213 me
1113 2181 1173 2212 ne
1195 2164 1467 2230 imaginari
1490 2164 1588 2228 qui-

231 2241 340 2291 dem
357 2242 477 2307 quid
495 2242 562 2290 sit
583 2241 688 2290 haec
710 2257 843 2300 cera,
857 2241 954 2289 sed
970 2240 1080 2288 sola
1102 2247 1259 2289 mente
1279 2241 1555 2305 concipere.

265 2350 554 2399 Differentia
588 2365 766 2413 magna
801 2357 876 2397 est
915 2349 1044 2396 inter
1079 2348 1354 2412 imaginari,
1386 2348 1482 2396 hoc
1513 2355 1590 2395 est

199 2424 359 2474 ideam
381 2425 593 2489 aliquam
618 2425 813 2484 habere,
835 2433 887 2473 et
909 2432 1073 2472 mente
1097 2424 1370 2488 concipere,
1395 2424 1489 2471 hoc
1514 2431 1588 2471 est

201 2499 540 2548 ratiocinando
575 2499 805 2564 colligere
844 2515 948 2547 rem
988 2499 1200 2562 aliquam
1239 2514 1345 2547 esse
1377 2499 1455 2546 vel
1485 2514 1591 2546 rem

203 2573 415 2638 aliquam
450 2575 676 2623 existere.
746 2574 844 2623 Sed
885 2590 985 2623 non
1018 2574 1252 2638 explicuit
1282 2574 1424 2622 nobis
1449 2574 1508 2622 D.
1534 2573 1589 2621 C.

205 2649 257 2698 in
279 2665 375 2714 quo
403 2648 649 2698 differunt.
718 2649 922 2698 Veteres
945 2664 1140 2713 quoque
1163 2648 1474 2712 Peripatetici
1508 2647 1591 2695 do·

205 2732 415 2773 cuerunt
436 2724 553 2772 satis
575 2724 723 2782 clare,
746 2741 845 2773 non
868 2724 1054 2788 percipi
1089 2724 1412 2772 substantiam
1445 2722 1591 2771 sensi-

206 2799 314 2858 buS,
338 2798 425 2847 sed
448 2798 612 2863 colligi
634 2799 919 2847 rationibus

276 2873 411 2923 Quid
445 2874 549 2936 jam
590 2872 811 2933 dicimus,
858 2874 900 2922 si
945 2873 1074 2922 forte
1116 2873 1427 2922 ratiocinatio
1472 2871 1592 2919 nihil

340 2962 464 2997 vol..
492 2962 543 2996 v.
1433 2961 1458 2994 s
