1982 3204
396 261 493 302 ‘232
797 271 1114 306 TRACTATUS
1143 271 1394 305 OPTICUS.

137 397 248 422 rnop.
273 398 358 424 vm.
395 382 510 429 Exit
536 398 651 446 ergo
681 383 847 431 radius
880 383 1119 431 refractus
1151 383 1211 429 ab
1236 383 1341 445 ipsa
1363 383 1442 430 EF
1467 383 1784 445 perpendicu-

147 444 336 466 *Q‘*
395 456 580 513 lariter,
617 475 767 521 quare
804 460 901 506 EM
941 469 1011 506 est
1051 459 1179 506 linea
1207 459 1433 514 refracta,
1459 458 1628 506 eadem
1670 462 1783 506 cum

393 534 496 581 ED.
574 535 745 598 Itaque
787 535 828 583 si
874 535 1039 582 radius
1085 534 1269 582 incidat
1315 542 1408 582 etc.
1486 533 1633 583 Quod
1679 542 1785 582 erat

393 610 716 674 probandum.

460 686 600 734 Patet
622 686 738 733 hinc
761 686 902 743 ratio,
928 701 1078 748 quare
1112 685 1336 732 dominus
1361 685 1459 733 Des
1484 685 1671 744 Cartes‚
1697 685 1783 733 do-

392 777 508 809 cens
546 777 635 809 nos
670 761 916 824 quomodo
950 761 1067 808 vitri
1108 760 1340 807 refractio
1373 760 1673 823 experiunda
1711 768 1785 809 est

389 854 478 901 per
502 837 799 900 triangulum
824 837 1164 899 rectangulum
1194 839 1325 899 (pag.
1361 838 1492 895 138),
1519 837 1661 899 jubet
1697 852 1785 884 an-

388 913 558 976 gulum
589 913 859 960 acutiorem
894 911 1207 960 statuendum
1231 912 1280 959 in
1306 927 1413 959 eam
1437 921 1629 976 partem
1651 911 1784 960 unde

389 990 630 1036 avertitur
653 989 783 1036 linea
806 987 1032 1045 refracta,
1057 997 1114 1035 ut
1138 987 1187 1034 in
1218 987 1310 1035 hoc
1344 988 1582 1051 exemplo.
1653 987 1784 1037 Quia

390 1065 497 1113 FIG
521 1073 594 1113 est
616 1063 1032 1128 perpendicularis
1061 1063 1124 1111 ad
1147 1064 1235 1111 AB
1260 1072 1310 1111 et
1421 1105 1427 1127 ι
1450 1110 1466 1127 Δ

389 1141 625 1188 inclinata
661 1140 724 1187 ad
747 1140 849 1195 AC,
873 1139 942 1186 ita
981 1146 1036 1186 ut
1076 1139 1206 1186 linea
1246 1139 1308 1187 FI
1375 1135 1426 1229 *J
1480 1186 1490 1205 ι

389 1216 688 1280 refringatur
721 1215 783 1263 ad
809 1215 885 1262 H:
921 1231 1117 1263 necesse
1151 1223 1225 1263 est
1255 1223 1311 1263 ut
1358 1215 1386 1251 'v
1467 1217 1551 1427 {a

390 1294 597 1357 angulus
637 1294 683 1341 A
722 1294 882 1341 minor
929 1293 992 1341 sit
1038 1293 1310 1340 semirecto.

390 1370 548 1418 Aliter
582 1370 711 1417 enim
737 1370 812 1417 IH
839 1369 1036 1417 caderet
1055 1368 1131 1415 vel
1163 1368 1213 1415 in
1244 1368 1309 1415 IC

388 1446 466 1494 vel
490 1446 620 1493 intra
643 1446 958 1508 triangulum.
1420 1443 1439 1462 ¹³
1552 1439 1568 1458 ⁰
1725 1438 1746 1456 ²¹

457 1522 754 1569 Resistentia
778 1521 908 1569 enim
932 1520 1048 1568 vitri
1072 1519 1134 1567 ad
1170 1519 1496 1568 resistentiam
1530 1520 1655 1568 aeris
1678 1536 1783 1569 ma-

382 1599 463 1661 jor
487 1605 562 1644 est
585 1613 731 1660 quam
754 1612 843 1659 pro
867 1596 1059 1643 ratione
1092 1594 1318 1642 diametri
1354 1594 1417 1642 ad
1452 1595 1597 1643 latus.
1669 1596 1782 1644 Plus

389 1673 519 1720 enim
557 1672 795 1735 refrangit
819 1671 1000 1719 vitrum
1026 1687 1173 1734 quarn
1211 1687 1367 1734 aqua:
1405 1687 1532 1734 aqua
1554 1687 1670 1719 vero
1707 1687 1784 1719 re·-

388 1749 573 1811 frangit
605 1747 872 1796 secundum
905 1746 1146 1794 rationem
1180 1746 1408 1794 diametri
1443 1746 1506 1794 ad
1540 1747 1682 1806 latus,
1708 1747 1787 1796 vel

390 1825 562 1872 saltem
588 1824 706 1871 fere.

872 1989 1204 2022 PROPOSITIO
1233 1989 1310 2022 IX.

391 2085 449 2132 Si
471 2085 649 2132 radius
675 2084 868 2131 incidat
891 2083 1172 2148 adplanum
1195 2084 1342 2131 medii
1361 2084 1621 2144 densiorie,
1642 2086 1784 2148 qu‘us

457 2159 575 2207 talis
600 2160 667 2206 sit
701 2165 899 2217 natura,
925 2164 979 2204 ut
1017 2158 1215 2206 tardius
1244 2166 1571 2223 propagetur
1608 2159 1692 2207 lux
1732 2160 1781 2208 in

454 2237 563 2300 ‘ipso
601 2251 742 2299 qnam
784 2234 834 2282 in
874 2250 994 2281 raro
1037 2234 1162 2281 mede
1195 2234 1325 2281 venit
1364 2251 1424 2281 ea
1459 2235 1782 2298 proportione

454 2328 596 2374 quam
631 2310 778 2358 habet
814 2309 946 2357 latus
983 2310 1223 2372 quadrati
1257 2309 1331 2356 acl
1362 2309 1688 2358 diametrum:
1730 2310 1781 2358 in

455 2387 582 2434 omni
617 2385 934 2433 inclinatione
969 2385 1069 2431 erit
1103 2384 1319 2449 angulus
1344 2384 1599 2449 refractus
1625 2386 1782 2434 minor

453 2462 724 2509 SemirectO.

454 2570 528 2619 Sit
550 2570 766 2619 medium
789 2569 944 2618 rarius
962 2568 1093 2632 quod
1116 2576 1189 2616 est
1213 2584 1359 2632 supra
1376 2569 1478 2628 ΕΙ),
1496 2578 1546 2617 et
1564 2570 1779 2619 medium

387 2646 584 2695 densius
613 2646 776 2710 (quale
801 2645 1113 2709 supponitur)
1143 2644 1275 2708 quod
1301 2653 1376 2692 est
1408 2645 1550 2693 iufra.
1621 2647 1779 2696 Cedat

386 2730 552 2772 autem
576 2722 742 2770 radius
766 2722 827 2769 ab
852 2722 939 2769 AB
963 2721 1093 2769 linea
1122 2721 1243 2768 lucis
1279 2721 1330 2768 in
1367 2721 1567 2784 planum
1602 2722 1688 2770 ED
1725 2723 1778 2771 in

385 2799 566 2862 angulo
612 2797 943 2846 inclinationis
989 2797 1115 2844 AEP
1157 2796 1435 2845 semitecto.
1529 2797 1777 2847 Quoniam

387 2891 505 2951 ergo
529 2874 693 2924 radius
713 2874 797 2922 ΑΕ
817 2872 1102 2936 refringitur
1122 2888 1289 2921 versus
1308 2872 1775 2937 perpendicularem,
