1982 3204
265 229 393 276 cxxii

308 351 367 379 tes.
379 346 400 378 i.
416 349 474 378 145
484 345 673 378 :-rationis
685 345 913 388 multiplicatio
925 351 958 378 et
970 346 1045 378 sub-

308 389 546 439 multiplicutio.
561 389 732 421 ibid.:—et
752 389 879 422 divisio.
890 389 912 421 i.
933 394 1047 422 146:—

308 432 343 464 in
355 439 480 465 ratione
490 437 638 464 extrema
648 437 682 464 et
690 432 799 464 media
811 432 914 464 dividi
926 433 1047 464 dicitur

309 475 445 518 aliquid,
462 475 600 518 quando.
624 475 646 507 i.
665 475 923 509 1492—rati0nis
945 476 1046 507 arith-

310 519 438 551 meticae
448 525 481 551 et
495 519 703 560 geometricae
717 530 788 551 com
814 520 925 552 aratio.
935 519 956 550 i.
973 523 1046 550 150-

310 562 557 595 3:—rationum
581 562 792 605 proportionis.
805 562 871 594 ium
900 568 934 595 et
958 573 1046 594 com-

312 605 579 638 mensurabilium
595 605 753 637 definitio.
767 605 787 637 i.
805 610 877 637 209.

311 649 475 691 quomodo
491 659 584 680 arcus
600 648 695 681 datus
714 649 840 680 ratione
855 649 930 681 data
946 648 1048 680 dividi

312 697 429 734 potest,
444 692 660 724 manifestum.
677 692 698 724 i.
714 696 787 725 250.

312 735 463 768 doctrina
486 734 649 767 rationum
674 740 776 767 totam
801 735 1050 778 comprehendit

314 778 492 811 Mathesin.
514 778 557 811 iv.
576 778 791 811 l:——rationis
814 778 1049 821 magnitudinis

315 821 492 865 cujuslibet
508 821 550 854 ad
569 822 666 854 aliam
683 821 837 864 ἀκρίβεια
852 833 982 854 sensum
998 822 1050 854 fu-

312 865 372 907 git,
388 870 496 908 potest
510 872 619 897 tamen
634 864 860 898 demonstrari.
876 865 917 897 iv.
935 869 964 897 5.

314 909 398 941 ratio
413 908 463 940 rei
477 908 517 940 ad
533 919 613 946 rem,
629 914 662 940 et
682 919 791 940 rerum
807 909 848 940 ad
863 919 925 940 res.
941 909 982 940 iv.
999 912 1049 940 21.

314 958 491 994 geometrae
509 951 619 984 Graeci
631 951 672 983 ad
684 951 848 983 rationum
864 951 1052 983 similitudi-

315 1006 390 1027 nem
404 994 641 1037 explicandam,
657 1005 736 1026 voce
757 995 933 1027 utebantur
948 997 1053 1034 οὕτως

316 1038 394 1080 ἔχει,
410 1038 522 1070 Latini
536 1040 580 1069 ita
595 1051 624 1069 se
637 1040 731 1069 habet.
747 1038 790 1069 iv.
807 1041 857 1071 70.

316 1082 453 1114 rationis
462 1081 620 1113 definitio.
634 1081 676 1113 iv.
689 1085 730 1114 70
741 1081 877 1113 z-——ratio
886 1081 920 1113 in
932 1091 1052 1122 genere

317 1125 482 1167 quantitas
498 1135 562 1156 non
579 1130 638 1163 est,
654 1124 712 1156 sed
727 1124 904 1157 relatio.iv.
916 1128 992 1156 71-2
1002 1138 1054 1157 ;-

277 1201 279 1203 ,
317 1168 537 1211 quantitatum
554 1173 604 1199 est
618 1167 826 1210 eomparatiO.
842 1167 884 1200 iv.
901 1171 940 1201 72
950 1179 1054 1200 2—ra·

318 1211 365 1244 tio
380 1211 526 1243 defectus
541 1217 591 1242 est
606 1210 752 1242 defectus
768 1210 914 1243 rationis.
938 1211 980 1243 iv.
998 1214 1053 1244 73:

317 1254 449 1286 —idem
464 1254 505 1285 ad
520 1253 825 1286 mathematicorum
847 1264 942 1286 aures
964 1265 1054 1286 aece-

318 1297 375 1330 det
388 1298 562 1330 insuetum.
578 1297 658 1329 ibid.

318 1340 482 1373 rationum
519 1340 771 1382 magnitudines,
815 1345 882 1372 tam
925 1343 1057 1383 defectus

318 1395 418 1426 quam
432 1396 574 1422 excessus,
590 1383 851 1416 determinantur
861 1395 920 1427 per
929 1383 1056 1427 magni-

320 1427 469 1460 tudinem
484 1427 688 1459 differentiae.
704 1426 746 1459 iv.
762 1430 812 1460 73.

319 1470 407 1503 unde
422 1469 525 1502 dividi
545 1470 629 1502 solet
647 1469 731 1502 ratio
753 1470 789 1502 in
807 1473 1010 1512 yeomctricam
1024 1475 1058 1503 et

319 1515 543 1546 arithmeticam.
559 1513 601 1546 iv.
613 1513 922 1547 74t—arith1netica
935 1525 1001 1546 non
1017 1514 1057 1546 ab

320 1557 472 1590 omnibus
486 1556 598 1589 habita
607 1562 658 1588 est
667 1567 727 1599 pro
739 1556 846 1600 specie
858 1557 1003 1590 rationis.
1014 1557 1057 1590 ib.

319 1600 484 1633 rationum
511 1600 703 1638 similitudo,
733 1606 784 1632 est
811 1601 987 1644 proportio.
1015 1601 1057 1632 iv.

322 1643 545 1678 74-5:—ratio
561 1649 594 1676 et
615 1643 794 1686 proportio,
817 1644 980 1686 quomodo
995 1644 1058 1676 dif-

321 1687 443 1719 ferunt.
466 1687 508 1719 iv.
530 1686 718 1720 742—-inter
741 1687 902 1719 rationem
929 1690 1059 1726 similem,

321 1732 472 1772 ‹zi-qualem,
488 1735 522 1762 et
536 1732 667 1769 eandem,
683 1730 870 1763 differentia
883 1731 974 1763 nulla
989 1742 1059 1763 om-

323 1773 411 1806 niuo.
426 1773 506 1805 ibid.

322 1822 434 1849 utrum
448 1816 535 1848 idem
559 1816 603 1849 sit
618 1827 764 1859 quaerere
786 1816 947 1850 rationem
964 1828 1060 1860 quam

323 1860 422 1892 habet
437 1859 602 1902 quantitas
617 1860 774 1902 temporis
789 1860 831 1892 ad
846 1861 1061 1903 quantitatem

323 1903 429 1942 lineae,
466 1910 500 1935 et
526 1914 674 1945 quaerere
711 1908 869 1946 quantum
906 1904 1063 1954 temporis

324 1953 474 1989 oequatur
483 1946 588 1979 lineae.
598 1946 640 1978 iv.
654 1950 666 1978 1
676 1950 711 1979 18
721 1947 859 1979 z—ratio
871 1947 1063 1990 quantltatis

325 1990 481 2033 temporis
494 1990 535 2021 ad
549 1989 767 2032 quantitatem
778 1990 873 2022 lineae
885 1990 989 2033 quaeri
1004 2001 1062 2034 po-

325 2039 400 2072 test,
415 2033 478 2065 etsi
492 2044 558 2065 non
574 2033 616 2065 ad
637 2033 745 2075 ipsum
761 2039 900 2076 tempus.
925 2034 967 2067 iv.
987 2038 1062 2067 119:

325 2087 475 2119 —neque
490 2076 579 2108 illius
595 2076 790 2119 quantitatis
805 2076 847 2109 ad
866 2088 985 2120 corpus
1006 2088 1063 2110 na-

326 2120 441 2152 turale.
456 2119 536 2152 ibid.
753 2149 756 2150 γ

324 2162 520 2206 compositio
535 2162 698 2195 rationum
713 2162 871 2202 Euclidis‚
895 2169 946 2196 est
967 2164 1063 2207 ipsis·

324 2206 410 2239 sima
424 2206 521 2238 nnius
544 2206 586 2238 ad
606 2206 746 2238 alteram
769 2206 901 2239 additio.
925 2207 968 2240 iv.
988 2212 1061 2240 132:

325 2249 530 2281 —rationem
546 2250 702 2291 majorem
718 2260 738 2281 a
755 2250 881 2282 minore
896 2261 992 2293 posse
1007 2251 1063 2283 de-

326 2292 424 2331 trahi,
441 2298 542 2325 totam
558 2292 718 2324 rationem
727 2293 874 2336 ejusdem
886 2299 978 2336 parte
993 2305 1063 2326 esse

326 2335 497 2373 minorem,
514 2346 615 2378 quare
629 2346 695 2367 non
711 2335 898 2369 absurdum.
920 2337 964 2370 iv.
984 2341 1063 2370 135:

326 2378 507 2411 —rationis
533 2378 727 2428 compositio
751 2379 903 2418 obtinuit,
929 2386 1064 2423 propter

327 2421 393 2454 vim
408 2422 497 2454 intus
509 2421 641 2453 latentis
654 2422 811 2461 veritatis,
827 2425 940 2455 additio
955 2423 1063 2466 potius

325 2475 424 2508 quam
439 2466 643 2505 multiplicatio
658 2465 776 2498 vocari.
791 2465 870 2498 ibid.

325 2508 501 2541 effectuum
517 2507 600 2540 ratio
610 2507 817 2551 componitur
825 2519 867 2541 ex
882 2508 1064 2542 rationibus

326 2561 498 2584 causarum
513 2550 728 2593 singularium
743 2552 840 2584 unius
855 2551 896 2584 ad
919 2551 1065 2594 singulas

325 2605 441 2628 causas
455 2593 590 2626 alterius
605 2594 751 2637 ejusdem
766 2595 906 2635 generis.
922 2594 964 2628 iv.
984 2599 1039 2628 151
1056 2609 1063 2629 2

326 2638 506 2670 —effectus
520 2636 627 2669 omnis
650 2637 808 2669 naturalis
830 2638 989 2671 rationem
1006 2638 1064 2671 ha-

327 2681 383 2714 bet
397 2680 439 2712 ad
452 2680 604 2713 effectum
626 2691 756 2713 omnem
778 2681 960 2714 naturalem
975 2692 1063 2714 com-

326 2724 467 2767 positam
482 2734 523 2755 ex
539 2723 722 2757 rationibus
736 2734 848 2756 earum
863 2735 974 2757 rerum
990 2735 1064 2768 quae

325 2777 441 2800 causas
467 2777 580 2800 eorum
607 2773 809 2810 componunt
834 2767 990 2810 integras.
1019 2768 1061 2800 iv.

324 2853 463 2887 rationis
488 2852 580 2885 iilum
594 2853 758 2896 quoddam
773 2853 808 2886 in
823 2853 996 2887 dubitandi
1017 2859 1063 2888 te-

325 2897 437 2930 nebris
453 2895 625 2939 incipiens,
640 2896 721 2939 quid
735 2897 777 2930 ad
792 2897 894 2930 dubia
907 2898 1064 2931 solvenda

318 2939 466 2984 prodest.
490 2939 524 2972 ii.
543 2943 602 2973 138
611 2946 693 2974 ε-εῑ
716 2940 798 2983 quid
821 2940 901 2974 flacit
922 2940 1064 2985 scriptor

964 245 1161 279 INDEX.

1116 346 1206 377 filum
1221 345 1303 378 illud
1319 346 1370 378 vel
1393 345 1524 379 inscitia
1545 346 1709 387 deserens,
1726 347 1778 380 vel
1791 358 1849 380 cu·

1115 389 1308 432 piditatibus
1323 390 1531 432 abrumpens.
1546 389 1626 423 ibid.

1115 438 1230 465 contra
1244 433 1403 464 rationem
1425 440 1547 465 rectam
1567 445 1633 466 non
1656 438 1716 473 est,
1732 433 1760 466 si
1776 434 1850 477 quis

1116 487 1245 507 omnem
1261 487 1392 526 operam
1405 476 1470 515 det,
1485 483 1521 509 ut
1536 488 1555 509 a
1566 484 1670 510 morte
1685 483 1719 510 et
1730 477 1852 510 dolori-

1116 519 1177 551 bus
1186 530 1354 562 proprium
1365 530 1483 563 corpus
1491 526 1524 552 et
1534 521 1681 553 membra
1688 521 1852 554 defendat.

1115 562 1149 594 ii.
1171 566 1239 595 163.

1116 608 1245 637 rationes
1268 610 1302 638 et
1326 605 1618 646 ratiocinationem,
1641 606 1722 650 quid
1737 612 1855 640 vocant

1118 649 1238 681 Latini.
1255 649 1301 682 iii.
1318 653 1480 682 28:—vox
1505 653 1584 681 ratio
1606 662 1671 693 qua
1691 662 1791 683 causa
1812 651 1854 683 ad

1116 692 1327 735 computandi
1349 693 1535 725 facultatem
1552 700 1696 726 extensa.
1711 694 1791 726 ibid.
1802 707 1854 726 :-

1118 735 1236 767 rationi
1252 736 1342 767 locus
1357 742 1417 774 est,
1440 736 1627 779 ubicunque
1649 737 1740 770 locus
1760 737 1852 770 addi-

1119 778 1202 811 tioni
1230 784 1264 811 et
1287 779 1511 812 subtractioni.
1537 780 1583 813 iii.
1604 784 1646 812 32
1654 780 1856 813 :—definitio

1119 823 1199 865 ejus.
1215 822 1294 854 ibid.

1119 865 1312 908 peritissimi
1327 870 1360 898 et
1375 866 1595 904 attentissimi,
1612 877 1677 909 qua
1690 877 1789 900 causa
1802 877 1854 900 ra-

1121 909 1265 941 tionibus
1279 909 1348 941 falli
1364 917 1508 952 possunt.
1523 909 1571 942 iii.
1587 915 1639 943 33.

1120 952 1256 984 rationis
1279 963 1358 984 usus
1380 958 1414 984 et
1436 964 1563 995 scopuS‚
1587 953 1675 996 quid.
1690 953 1737 986 iii.
1751 957 1793 986 33
1805 966 1858 986 2—-

1120 995 1207 1027 unde
1219 995 1336 1038 incipit
1350 1001 1384 1027 et
1398 996 1562 1038 quomodo
1575 996 1731 1040 procedit.
1749 996 1830 1030 ibid.

1122 1038 1179 1081 qui
1203 1049 1311 1070 rerum
1340 1050 1608 1082 quarumcunque
1632 1041 1776 1073 rationes
1801 1051 1858 1072 au-

1122 1082 1254 1114 thorum
1270 1082 1407 1114 aliorum
1424 1083 1489 1115 fide
1504 1083 1658 1122 admittit,
1681 1094 1747 1115 non
1763 1083 1859 1116 aliter

1122 1125 1201 1157 facit
1223 1136 1321 1167 quam
1343 1125 1587 1168 paterfamilias,
1610 1127 1669 1169 qui
1683 1126 1786 1159 villici
1807 1127 1859 1159 sui

1123 1168 1266 1200 rationes
1279 1168 1458 1212 inspiciens
1479 1180 1521 1202 an
1542 1169 1673 1202 illarum
1688 1169 1860 1203 summulae

1123 1218 1213 1244 recte
1227 1211 1384 1244 confectae
1395 1212 1470 1252 sint,
1480 1223 1546 1245 non
1557 1213 1733 1246 examinat.
1743 1213 1792 1246 iii.
1806 1217 1859 1246 34.

1124 1265 1190 1287 non
1205 1260 1256 1287 est
1270 1255 1440 1287 nobiscum
1454 1262 1540 1296 nata,
1553 1256 1611 1289 sed
1624 1256 1788 1290 industria
1806 1267 1861 1290 ac·

1125 1298 1254 1340 quisita.
1270 1298 1316 1331 iii.
1332 1302 1384 1332 37.

1125 1352 1199 1384 quae
1213 1354 1307 1383 supra
1321 1341 1482 1374 rationem
1496 1342 1678 1375 naturalem
1693 1348 1770 1376 sunt
1783 1354 1862 1376 vera

1125 1395 1196 1417 esse
1211 1391 1358 1428 possunt,
1373 1391 1478 1417 contra
1500 1385 1660 1419 rationem
1681 1397 1750 1419 non
1769 1386 1860 1421 item.

1124 1427 1173 1460 iii.
1190 1432 1242 1461 94.

1125 1476 1324 1514 praeceptum
1337 1471 1484 1511 rationis,
1499 1472 1671 1505 continens
1685 1473 1792 1516 legem
1802 1483 1862 1506 na-

1126 1521 1209 1547 turae
1223 1515 1363 1558 primam
1379 1521 1413 1548 et
1422 1515 1508 1558 juris
1523 1516 1682 1549 naturalis
1692 1527 1862 1550 summam.

1126 1558 1173 1591 iii.
1187 1562 1256 1591 103.
1271 1558 1306 1590 ii.
1322 1562 1391 1598 167,
1404 1562 1604 1592 1702—usus
1618 1561 1701 1603 ejus.
1714 1560 1762 1593 iii.
1772 1564 1861 1593 33-4.

1127 1607 1217 1634 recta
1226 1601 1320 1641 ratio,
1333 1602 1422 1644 quid.
1434 1602 1481 1636 iii.
1493 1607 1534 1635 33
1543 1614 1696 1646 2—quare
1704 1603 1864 1637 naturalis

1128 1644 1258 1677 dicitur.
1281 1644 1315 1677 ii.
1334 1649 1392 1678 169
1406 1645 1494 1678 :-—in
1520 1651 1608 1678 statu
1631 1646 1774 1680 naturali
1797 1657 1864 1697 quo

1129 1699 1227 1720 sensu
1247 1688 1471 1730 intelligenda.
1493 1688 1528 1722 ii.
1547 1694 1618 1728 169,
1633 1700 1665 1722 n.
1678 1690 1763 1723 :—in
1783 1691 1864 1723 civi-

1129 1737 1195 1764 tate
1210 1731 1263 1764 lex
1277 1730 1383 1764 civilis
1399 1743 1459 1776 pro
1470 1739 1560 1765 recta
1573 1733 1700 1766 ratione
1714 1733 1866 1766 habenda

1130 1780 1189 1807 est.
1204 1774 1238 1807 ii.
1253 1778 1323 1814 170,
1338 1786 1368 1807 ιι.
1380 1781 1484 1808 z—est
1496 1775 1601 1808 instar
1610 1776 1708 1810 minae
1719 1788 1740 1809 a
1749 1777 1866 1811 Chris-

1130 1824 1164 1851 to
1186 1818 1374 1851 hominibus
1394 1819 1436 1851 ad
1457 1819 1692 1861 negotiandum
1707 1820 1801 1854 daxae.
1816 1820 1864 1854 iii.

1130 1866 1192 1895 265
1206 1872 1306 1900 :—ea‚
1327 1873 1452 1901 sensus,
1471 1869 1506 1894 et
1525 1863 1692 1902 memoria,
1706 1863 1742 1896 in
1755 1870 1866 1907 potes-

1130 1911 1198 1938 tate
1221 1910 1334 1937 nostra
1357 1916 1423 1938 non
1448 1912 1533 1938 sunt.
1545 1906 1591 1938 iii.
1609 1911 1672 1940 266
1685 1913 1789 1940 z—est
1810 1907 1865 1940 lex

1130 1948 1264 1980 moralis
1279 1955 1313 1981 et
1328 1948 1448 1981 divina.
1465 1949 1498 1981 ii.
1515 1953 1588 1982 298.

1130 1998 1246 2024 contra
1269 1991 1429 2024 rationem
1445 1992 1576 2031 factum,
1592 2000 1790 2036 quamquam
1803 1993 1867 2026 im-

1130 2034 1296 2085 provisum
1309 2035 1440 2078 aliquod
1451 2042 1603 2068 eventum
1614 2036 1744 2069 felicem
1758 2037 1868 2077 faciat,

1130 2078 1356 2121 imprudenter
1371 2079 1585 2111 nihilominus
1596 2079 1643 2112 fit.
1658 2079 1706 2113 iii.
1724 2084 1796 2113 113.

1131 2127 1235 2154 contra
1250 2134 1284 2153 ea
1307 2134 1372 2163 quoe
1386 2124 1512 2154 rationis
1525 2134 1611 2154 usum
1624 2125 1797 2165 intpedae‘nne,
1811 2123 1866 2156 lex

1130 2173 1256 2197 naturae
1268 2165 1434 2207 vigesima.
1443 2165 1477 2197 ii.
1492 2169 1562 2204 193,
1571 2170 1634 2199 206
1643 2166 1749 2210 2—qui
1760 2167 1869 2204 aciens

1131 2208 1165 2240 id
1180 2207 1296 2240 fecerit
1311 2219 1376 2250 quo
1391 2208 1529 2240 facultas
1547 2209 1716 2242 rationalis
1738 2209 1868 2243 destru-

1131 2258 1215 2291 atur,
1230 2251 1337 2283 sciens
1352 2251 1457 2293 legem
1477 2257 1604 2284 naturae
1618 2251 1728 2286 violat.
1743 2253 1778 2287 ii.
1798 2257 1868 2287 193.

1131 2294 1216 2327 ratio
1231 2305 1306 2343 quae
1315 2294 1412 2336 jubet
1427 2294 1537 2333 finem,
1557 2295 1654 2338 jubet
1679 2297 1788 2330 media
1809 2307 1868 2330 ne·

1131 2348 1281 2370 cessaria.
1296 2337 1331 2370 ii.
1351 2341 1420 2370 191.
1435 2337 1482 2370 iii.
1502 2341 1571 2371 120.

1131 2380 1188 2423 qui
1213 2380 1303 2423 leges
1328 2386 1463 2420 naturae,
1478 2381 1607 2414 caeteris
1629 2392 1696 2415 non
1717 2382 1806 2416 idem
1819 2383 1870 2416 fa·

1130 2423 1303 2462 cientibus
1323 2423 1520 2464 observaret,
1544 2424 1705 2459 rationem
1734 2426 1870 2460 minime

1131 2473 1321 2500 sectaretur.
1335 2466 1368 2500 ii.
1388 2471 1460 2500 194.

1128 2509 1278 2553 judicare
1303 2510 1384 2553 quid
1406 2510 1544 2544 rationis
1562 2510 1616 2550 sit,
1639 2512 1720 2562 quid
1734 2523 1800 2546 non
1815 2513 1871 2554 sit,

1132 2553 1172 2585 ad
1185 2563 1346 2586 summam
1356 2559 1556 2603 potestatem
1570 2560 1724 2598 pertinet.
1738 2555 1786 2589 iii.
1799 2560 1870 2590 198.

1131 2595 1181 2628 illi
1188 2595 1242 2628 cui
1254 2602 1421 2639 negotium
1433 2597 1652 2641 quodcunque
1663 2598 1735 2632 sine
1748 2599 1872 2644 scripta

1131 2639 1247 2682 regula
1256 2639 1397 2683 imponit
1404 2640 1588 2673 faciendum
1599 2641 1726 2681 civitas,
1734 2642 1872 2677 rationis

1131 2682 1295 2715 dictamen
1309 2693 1370 2726 pro
1385 2684 1500 2726 regula
1514 2684 1586 2717 erit.
1601 2684 1648 2718 iii.
1668 2689 1742 2718 200.

1132 2726 1216 2758 ratio
1232 2726 1389 2759 naturalis
1405 2737 1446 2759 ne
1457 2726 1590 2770 quidem
1602 2728 1798 2772 cujusquam
1821 2729 1872 2763 rei

1132 2768 1278 2802 minimae
1303 2776 1454 2802 naturam
1479 2781 1540 2803 nos
1565 2770 1683 2805 docere
1702 2778 1821 2816 potest.
1835 2772 1871 2806 ii.

1132 2816 1205 2844 343.
1221 2812 1267 2845 iii.
1282 2817 1356 2846 261.

1131 2856 1227 2905 cujus
1250 2856 1337 2906 ratio
1361 2846 1583 2907 null-&oratio
1601 2856 1714 2890 divina
1726 2863 1871 2936 :pgr-at,

1131 2909 1166 2974 Ξῖ.
1176 2909 1360 2975 ἓξῗεεετιο
1371 2900 1531 2934 divinitus
1544 2906 1724 2944 inspiratus
1807 2907 1862 2936 tur
