1982 3204
728 292 1171 330 nccnssmsrtcs.
1536 290 1625 341 371

255 402 337 444 Pr.
368 400 462 445 Hos
482 402 607 459 ipsos.
667 402 861 458 Quorum
881 403 1038 447 multos
1059 404 1249 448 Ecclesia
1268 406 1460 451 habebat.

311 467 529 524 Quicquid
548 469 756 526 cepissent
775 470 894 521 retia,
914 470 1040 527 piscis
1059 477 1161 513 erat.

251 533 322 576 Ex
342 534 491 577 horum
512 551 687 578 numero
707 536 836 579 fiebat
854 535 1088 593 episcopm,
1106 543 1156 579 ut
1176 537 1271 592 quis

310 599 495 658 Insignis
515 601 690 658 logicus,
712 602 998 645 rhetoricusve
1021 602 1115 645 fuit.
1544 610 1628 648 810

251 665 340 721 Qui
362 667 515 710 veteris
534 675 698 710 certant
718 667 869 710 imbuti
889 683 1028 712 errore
1047 668 1250 725 magistri,

309 731 456 776 Verba
476 732 558 776 Dei
578 733 631 775 ad
650 741 806 776 sectam
826 733 979 776 ducere
999 733 1179 790 quisque
1199 749 1329 777 suam.

250 796 493 841 Verborum
514 813 699 855 pugnam
719 798 830 855 parit
849 798 1087 855 ignorantia
1105 798 1275 851 discors,

308 862 449 918 Quam
470 879 605 907 nexus
624 879 764 907 rerum
786 864 1008 908 conciliare
1028 864 1146 908 solet.

250 928 419 973 Horum
439 930 619 986 quisque
638 936 779 973 tamen
800 930 965 987 sapiens
983 931 1063 974 sibi
1083 937 1171 974 tam
1191 931 1461 976 vehementer

306 995 412 1039 Esse
432 995 666 1047 videbatur,
688 1002 860 1052 tamque
880 997 1087 1053 superbus
1105 1004 1210 1048 erat,

251 1060 318 1104 Ut
335 1061 711 1119 non-philosophos
730 1077 819 1119 prae
840 1078 884 1106 se
903 1069 1194 1106 contemneret
1212 1079 1369 1115 omnes,

305 1126 374 1171 Ut
391 1128 572 1185 pecudes
592 1129 767 1172 totidem
788 1144 886 1185 quae
905 1129 1068 1173 ratione
1086 1138 1242 1173 carent.

247 1191 538 1251 Philosophos,
559 1194 707 1237 iisdem
727 1194 763 1237 si
782 1210 866 1238 non
887 1195 1070 1239 didicere
1089 1196 1316 1254 magistris,

306 1259 572 1317 Spurcabant
590 1260 702 1318 ipsos
721 1276 807 1317 quo
836 1268 1012 1318 potuere
1031 1262 1134 1305 luto.
1544 1269 1629 1308 820

247 1325 348 1382 Qua
365 1326 465 1370 freti
485 1327 645 1370 virtute
657 1328 677 1369 ?
735 1327 868 1371 Modo
888 1329 1100 1384 quoniam,
1121 1336 1251 1385 atque
1268 1330 1406 1388 figura

307 1392 483 1437 Scibant
500 1393 715 1445 disserere,
736 1401 781 1437 et
798 1394 944 1437 ludere
963 1394 1008 1437 in
1028 1395 1239 1452 ambiguo.

247 1458 357 1503 Haec
375 1459 459 1502 illis
477 1458 626 1516 logica,
646 1460 767 1510 ratio,
788 1460 1006 1517 sapientia,
1027 1461 1175 1512 virtus,

305 1524 512 1576 Ambitio,
533 1540 641 1582 spes,
661 1532 707 1569 et
724 1526 860 1584 gloria
878 1541 1044 1569 summa
1062 1526 1160 1570 suit.

246 1590 402 1647 Deque
420 1591 547 1635 sacris
567 1592 706 1636 verbis
725 1593 826 1635 dum
847 1593 1119 1649 disceptatur,
1141 1593 1187 1636 in
1204 1599 1338 1637 artem

304 1656 506 1701 Vertitur
523 1657 711 1716 ignotam
732 1658 952 1702 debilitata
969 1659 1085 1702 fides.

247 1723 338 1767 Ars
356 1723 503 1781 ignota
521 1723 618 1776 fuit,
635 1740 730 1781 quae
745 1740 860 1768 nunc
879 1732 945 1768 est
964 1725 1227 1782 Theiologia.

302 1789 382 1833 An
400 1789 729 1847 circumscripsit
749 1791 846 1847 quis
865 1791 956 1834 sine
976 1791 1060 1834 fine
1080 1790 1222 1834 Deum
1236 1792 1256 1833 ἲ

247 1855 358 1911 Qnae
377 1856 430 1900 de
448 1863 602 1899 natura
618 1857 764 1900 divina
782 1857 921 1900 dicere
940 1857 1005 1900 fas
1024 1864 1102 1909 est,

303 1921 500 1978 Quaeque
520 1929 660 1966 tacere
678 1923 813 1974 decet,
835 1922 999 1980 Pagina
1021 1922 1149 1967 Sacra
1166 1922 1301 1967 docet.
1545 1927 1630 1965 830

245 1987 494 2046 Discipulus
513 1987 676 2033 Christi
694 1989 950 2033 discernitur
967 1989 1198 2047 agnitione,

302 2054 364 2098 Et
382 2054 515 2106 cultu,
541 2053 658 2098 Sacri
677 2070 806 2111 quem
826 2055 1005 2099 docuere
1025 2055 1162 2107 Libri,

245 2120 308 2164 Et
326 2120 427 2172 vita,
448 2135 545 2176 quae
566 2121 622 2163 sit
640 2120 793 2164 divinae
808 2137 995 2179 congrua
1012 2121 1116 2179 legi:

301 2186 405 2230 Non
424 2202 450 2230 a
470 2186 515 2229 N
516 2194 650 2230 aturae
669 2187 910 2244 cognitione
933 2186 1085 2231 Sacrae.

246 2253 331 2296 Soc.
364 2253 433 2296 At
451 2267 528 2296 cur
547 2252 593 2295 N
596 2253 704 2296 iceni
723 2260 845 2296 tanto
863 2253 1085 2297 conamine
1105 2253 1318 2309 quondam

302 2318 372 2363 De
391 2319 560 2363 Christo
579 2319 753 2376 physice
771 2319 1005 2363 disseruere
1026 2318 1199 2362 Patres:

247 2383 360 2429 Cum
378 2385 485 2428 nihil
503 2385 548 2428 in
568 2393 660 2429 tota
681 2385 903 2443 Scriptura
919 2385 1074 2429 clarius
1091 2391 1211 2428 extet

304 2449 445 2505 Quam
466 2450 697 2496 Salvatoris
714 2467 812 2496 cum
831 2467 928 2496 caro
946 2459 1040 2495 tum
1060 2451 1239 2495 Deitas?

247 2515 327 2559 Pr.
359 2515 462 2567 Cur,
482 2517 564 2560 nisi
584 2518 699 2574 quod
716 2518 873 2575 puduit
892 2518 1122 2574 quicquam
1145 2517 1305 2560 nescire
1326 2516 1456 2559 videri

304 2581 622 2639 Philosophum,
642 2591 718 2627 aut
735 2584 897 2628 victum
916 2583 1089 2634 discere,
1110 2598 1210 2627 vera
1227 2583 1359 2626 licet?
1542 2586 1625 2624 840

247 2647 367 2692 Dum
385 2657 579 2706 pugnant
595 2649 696 2694 freti
714 2650 871 2694 veteris
888 2650 1053 2693 ratione
1066 2649 1271 2706 magistri,

305 2714 351 2757 N
353 2729 409 2758 on
426 2721 602 2759 tenuere
619 2731 772 2759 novam
790 2731 892 2760 vasa
909 2722 1080 2759 vetusta
1098 2714 1261 2758 Fidem.

248 2781 387 2825 Gausa
403 2781 624 2838 potestatis
642 2788 784 2826 tamen
802 2782 895 2826 haec
912 2781 1120 2825 discordia
1137 2781 1327 2832 Panum,

306 2846 568 2904 Principium
587 2853 634 2891 et
650 2848 772 2905 regni
790 2847 1020 2904 spiritualis
1037 2856 1140 2892 emt.

249 2912 364 2956 Nam
385 2911 693 2957 Constantinus
710 2913 877 2971 populis
895 2913 997 2958 dum
1016 2912 1190 2959 reddere
1209 2926 1352 2969 pacem

1363 2992 1394 3026 B
1418 2992 1448 3024 Β
1471 2989 1490 3016 ²
