1982 3204
595 706 1126 764 OBJECTIONES
1448 733 1510 749 J

832 855 889 881 AD

334 963 696 1019 CARTESII
760 962 1383 1017 MEDITATIONES.

729 1129 992 1136 ——-—-

699 1263 967 1297 OBJECTIO
989 1263 1028 1297 1.

458 1371 531 1405 AD
557 1371 997 1406 MEDITATIONEM
1026 1372 1266 1406 PRIMAM.

327 1457 405 1505 De
428 1457 494 1505 iis
516 1474 624 1523 quoe
649 1458 699 1505 in
722 1456 914 1505 dubium
938 1459 1167 1506 revocari
1180 1465 1410 1524 possunt.

171 1565 330 1614 SArls
368 1573 561 1614 constat
584 1581 644 1614 ex
667 1566 725 1613 iis
751 1582 859 1629 quae
892 1565 1027 1614 dicta
1058 1575 1173 1614 sunt
1204 1567 1253 1614 in
1278 1567 1370 1615 hac
1394 1566 1561 1615 Medi·
1617 1585 1812 1612 omncno

169 1642 375 1701 tatione,
399 1641 587 1690 nullum
605 1658 712 1690 esse
734 1654 915 1703 κριτήριον
938 1659 967 1691 a
990 1659 1088 1707 quo
1120 1643 1310 1691 somnia
1340 1651 1511 1691 nostra
1533 1659 1564 1691 a
1701 1640 1727 1666 ¹·

167 1717 336 1782 vigilia
357 1725 409 1765 et
431 1718 655 1766 sensione
673 1735 788 1766 vera
807 1719 1187 1782 dignoscantur:
1212 1726 1262 1766 et
1285 1726 1563 1782 propterea,

167 1792 513 1857 phantasmata
535 1810 645 1858 quae
664 1794 925 1858 vigilantes
948 1802 999 1842 et
1021 1793 1285 1842 sentientes
1308 1794 1562 1853 habemus,

166 1882 270 1917 non
305 1883 410 1916 esse
440 1868 718 1917 accidentia
755 1869 960 1932 objectis
1000 1869 1214 1917 externis
1255 1868 1563 1927 inmerentia,

166 1958 327 2008 neque
349 1953 641 2008 argumento
661 1960 767 1993 esse
786 1945 905 1993 talia
923 1945 1116 2008 objecta
1138 1952 1342 1993 externa
1359 1944 1562 1994 omnino

170 2018 397 2068 existere.
467 2019 682 2084 Ideoque
705 2020 747 2068 si
770 2036 938 2069 sensus
955 2029 1150 2069 nostros
1174 2020 1279 2069 sine
1302 2020 1399 2069 alia
1414 2020 1564 2068 ratio·

169 2093 415 2144 cinatione
445 2111 722 2159 sequamur,
745 2096 923 2144 merito
958 2095 1238 2144 dubitamus
1275 2111 1340 2144 an
1379 2095 1566 2159 aliquid

171 2173 350 2222 existat
371 2189 544 2223 necne.
607 2174 881 2222 Veritatem
905 2189 1023 2237 ergo
1047 2173 1191 2237 hujus
1206 2172 1565 2221 Meditationis

170 2249 495 2312 agnoscimus.
566 2249 665 2298 Sed
687 2249 918 2314 quoniam
936 2249 998 2298 de
1021 2249 1192 2298 eadem
1216 2248 1564 2297 incertitudine

171 2324 471 2374 sensibilium
516 2325 786 2390 disputavit
831 2325 985 2385 Plato,
1026 2334 1077 2374 et
1122 2324 1205 2373 alii
1248 2324 1564 2388 antiquorum

171 2398 588 2464 philosophorum,
613 2410 665 2450 et
689 2401 834 2464 vulgo
857 2401 1150 2449 observatur
1173 2399 1432 2448 difficultas
1455 2399 1564 2462 dig-

173 2475 406 2524 noscendi
427 2476 645 2540 vigiliam
667 2477 729 2524 ab
766 2476 1047 2525 insomniis:
1080 2475 1234 2524 nolim
1258 2475 1565 2524 excellentis-

173 2547 351 2598 simum
371 2560 622 2601 auctorem
644 2568 883 2601 novarum
897 2551 1285 2617 speculationum
1300 2551 1385 2600 illa
1398 2559 1565 2599 vetera

171 2622 438 2687 publicare.

704 2741 1033 2775 RESPONSIO-

240 2814 509 2865 Dubitandi
539 2817 754 2868 rationes
776 2835 886 2883 quae
906 2818 990 2866 hic
1012 2835 1043 2866 a
1063 2817 1354 2882 philosopho
1387 2814 1564 2863 admit-

174 2897 349 2939 tuntur
372 2899 427 2940 ut
448 2908 592 2952 verae,
614 2909 715 2943 non
738 2911 768 2943 a
793 2910 869 2942 me
890 2893 985 2942 nisi
1021 2900 1255 2956 tanquam
1277 2889 1563 2939 verisimiles
