<?xml version="1.0" encoding="UTF-8"?>
<!DOCTYPE html PUBLIC "-//W3C//DTD XHTML 1.0 Transitional//EN"
    "http://www.w3.org/TR/xhtml1/DTD/xhtml1-transitional.dtd">
<html xmlns="http://www.w3.org/1999/xhtml" xml:lang="en" lang="en">
 <head>
  <title>
</title>
<meta http-equiv="Content-Type" content="text/html;charset=utf-8" />
  <meta name='ocr-system' content='tesseract 3.04.00' />
  <meta name='ocr-capabilities' content='ocr_page ocr_carea ocr_par ocr_line ocrx_word'/>
</head>
<body>
  <div class='ocr_page' id='page_1' title='image "./operaphilosophic05hobbuoft/operaphilosophic05hobbuoft_0392.png"; bbox 0 0 1982 3204; ppageno 0'>
   <div class='ocr_carea' id='block_1_1' title="bbox 358 269 1184 311">
    <p class='ocr_par' dir='ltr' id='par_1_1' title="bbox 358 269 1184 311">
     <span class='ocr_line' id='line_1_1' title="bbox 358 269 1184 311; baseline 0 -1"><span class='ocrx_word' id='word_1_1' title='bbox 358 269 451 310; x_wconf 85' lang='grc'>384</span> <span class='ocrx_word' id='word_1_2' title='bbox 921 279 1184 311; x_wconf 79' lang='lat' dir='ltr'><strong>HlSTORIA</strong></span> 
     </span>
    </p>
   </div>
   <div class='ocr_carea' id='block_1_2' title="bbox 353 387 1744 2830">
    <p class='ocr_par' dir='ltr' id='par_1_2' title="bbox 353 387 1744 2830">
     <span class='ocr_line' id='line_1_2' title="bbox 414 387 1303 445; baseline -0.001 -15"><span class='ocrx_word' id='word_1_3' title='bbox 414 388 591 445; x_wconf 83' lang='lat' dir='ltr'>Eripere</span> <span class='ocrx_word' id='word_1_4' title='bbox 611 387 702 431; x_wconf 86' lang='lat' dir='ltr'>haec</span> <span class='ocrx_word' id='word_1_5' title='bbox 722 388 855 431; x_wconf 82' lang='lat' dir='ltr'>avidis</span> <span class='ocrx_word' id='word_1_6' title='bbox 876 395 963 431; x_wconf 87' lang='lat' dir='ltr'>tam</span> <span class='ocrx_word' id='word_1_7' title='bbox 988 389 1171 445; x_wconf 86' lang='lat' dir='ltr'>pretiosa</span> <span class='ocrx_word' id='word_1_8' title='bbox 1192 388 1303 430; x_wconf 87' lang='lat' dir='ltr'>viris.</span> 
     </span>
     <span class='ocr_line' id='line_1_3' title="bbox 358 454 1500 512; baseline -0.002 -14"><span class='ocrx_word' id='word_1_9' title='bbox 358 455 475 510; x_wconf 86' lang='lat' dir='ltr'>Quid</span> <span class='ocrx_word' id='word_1_10' title='bbox 495 455 623 498; x_wconf 87' lang='lat' dir='ltr'>saciet</span> <span class='ocrx_word' id='word_1_11' title='bbox 643 454 804 506; x_wconf 86' lang='lat' dir='ltr'>Praeco,</span> <span class='ocrx_word' id='word_1_12' title='bbox 825 455 1047 512; x_wconf 85' lang='lat' dir='ltr'>(quoniam</span> <span class='ocrx_word' id='word_1_13' title='bbox 1068 455 1268 497; x_wconf 85' lang='lat' dir='ltr'>miracula</span> <span class='ocrx_word' id='word_1_14' title='bbox 1287 454 1500 510; x_wconf 84' lang='lat' dir='ltr'>cessant)?</span> 
     </span>
     <span class='ocr_line' id='line_1_4' title="bbox 417 521 1744 578; baseline -0.001 -14"><span class='ocrx_word' id='word_1_15' title='bbox 417 521 505 576; x_wconf 82' lang='lat' dir='ltr'>Qui</span> <span class='ocrx_word' id='word_1_16' title='bbox 526 521 668 578; x_wconf 88' lang='lat' dir='ltr'>potuit</span> <span class='ocrx_word' id='word_1_17' title='bbox 688 523 817 565; x_wconf 90' lang='lat' dir='ltr'>verbo</span> <span class='ocrx_word' id='word_1_18' title='bbox 837 522 1059 564; x_wconf 88' lang='lat' dir='ltr'>conciliare</span> <span class='ocrx_word' id='word_1_19' title='bbox 1083 522 1232 564; x_wconf 84' lang='lat' dir='ltr'>Fidem</span> <span class='ocrx_word' id='word_1_20' title='bbox 1250 522 1268 563; x_wconf 75' lang='grc' dir='ltr'><em>Ρ</em></span> <span class='ocrx_word' id='word_1_21' title='bbox 1635 525 1744 563; x_wconf 88' lang='grc'>1310</span> 
     </span>
     <span class='ocr_line' id='line_1_5' title="bbox 357 587 1400 638; baseline 0 -8"><span class='ocrx_word' id='word_1_22' title='bbox 357 587 473 630; x_wconf 87' lang='lat' dir='ltr'>Nam</span> <span class='ocrx_word' id='word_1_23' title='bbox 489 588 524 630; x_wconf 89' lang='lat' dir='ltr'>si</span> <span class='ocrx_word' id='word_1_24' title='bbox 543 603 628 630; x_wconf 90' lang='lat' dir='ltr'>non</span> <span class='ocrx_word' id='word_1_25' title='bbox 649 588 732 630; x_wconf 89' lang='lat' dir='ltr'>illis</span> <span class='ocrx_word' id='word_1_26' title='bbox 753 588 1003 631; x_wconf 86' lang='lat' dir='ltr'>simulachra</span> <span class='ocrx_word' id='word_1_27' title='bbox 1023 588 1188 630; x_wconf 86' lang='lat' dir='ltr'>indulta</span> <span class='ocrx_word' id='word_1_28' title='bbox 1207 587 1400 638; x_wconf 86' lang='lat' dir='ltr'>fuissent,</span> 
     </span>
     <span class='ocr_line' id='line_1_6' title="bbox 414 654 1286 697; baseline -0.002 0"><span class='ocrx_word' id='word_1_29' title='bbox 414 654 445 696; x_wconf 86' lang='lat' dir='ltr'>J</span> <span class='ocrx_word' id='word_1_30' title='bbox 449 655 617 697; x_wconf 86' lang='lat' dir='ltr'>udaeum</span> <span class='ocrx_word' id='word_1_31' title='bbox 640 655 816 697; x_wconf 80' lang='lat' dir='ltr'>Graecus</span> <span class='ocrx_word' id='word_1_32' title='bbox 837 655 908 696; x_wconf 86' lang='lat' dir='ltr'>vix</span> <span class='ocrx_word' id='word_1_33' title='bbox 929 654 1128 697; x_wconf 89' lang='lat' dir='ltr'>coluisset</span> <span class='ocrx_word' id='word_1_34' title='bbox 1148 654 1286 696; x_wconf 85' lang='lat' dir='ltr'>horno.</span> 
     </span>
     <span class='ocr_line' id='line_1_7' title="bbox 356 719 1334 778; baseline -0.001 -15"><span class='ocrx_word' id='word_1_35' title='bbox 356 719 474 777; x_wconf 87' lang='lat' dir='ltr'>Ergo</span> <span class='ocrx_word' id='word_1_36' title='bbox 494 721 575 764; x_wconf 88' lang='lat' dir='ltr'>coli</span> <span class='ocrx_word' id='word_1_37' title='bbox 596 721 759 778; x_wconf 85' lang='lat' dir='ltr'>sapiens</span> <span class='ocrx_word' id='word_1_38' title='bbox 781 721 972 778; x_wconf 82' lang='lat' dir='ltr'>permisit</span> <span class='ocrx_word' id='word_1_39' title='bbox 993 721 1164 763; x_wconf 89' lang='lat' dir='ltr'>doctor:</span> <span class='ocrx_word' id='word_1_40' title='bbox 1198 727 1242 762; x_wconf 84' lang='lat' dir='ltr'>at</span> <span class='ocrx_word' id='word_1_41' title='bbox 1262 720 1334 762; x_wconf 89' lang='lat' dir='ltr'>illa</span> 
     </span>
     <span class='ocr_line' id='line_1_8' title="bbox 418 786 1207 837; baseline -0.003 -7"><span class='ocrx_word' id='word_1_42' title='bbox 418 786 507 830; x_wconf 88' lang='lat' dir='ltr'>Sub</span> <span class='ocrx_word' id='word_1_43' title='bbox 528 794 643 831; x_wconf 86' lang='lat' dir='ltr'>certa</span> <span class='ocrx_word' id='word_1_44' title='bbox 662 795 829 830; x_wconf 85' lang='lat' dir='ltr'>tantum</span> <span class='ocrx_word' id='word_1_45' title='bbox 851 787 1092 830; x_wconf 89' lang='lat' dir='ltr'>conditione</span> <span class='ocrx_word' id='word_1_46' title='bbox 1113 787 1207 837; x_wconf 91' lang='lat' dir='ltr'>coli,</span> 
     </span>
     <span class='ocr_line' id='line_1_9' title="bbox 356 852 1474 910; baseline -0.001 -14"><span class='ocrx_word' id='word_1_47' title='bbox 356 852 524 910; x_wconf 88' lang='lat' dir='ltr'>Nempe</span> <span class='ocrx_word' id='word_1_48' title='bbox 544 860 595 896; x_wconf 92' lang='lat' dir='ltr'>ut</span> <span class='ocrx_word' id='word_1_49' title='bbox 614 861 829 896; x_wconf 80' lang='lat' dir='ltr'>mutarent</span> <span class='ocrx_word' id='word_1_50' title='bbox 849 853 1041 896; x_wconf 88' lang='lat' dir='ltr'>divorum</span> <span class='ocrx_word' id='word_1_51' title='bbox 1062 853 1243 895; x_wconf 87' lang='lat' dir='ltr'>nomina.</span> <span class='ocrx_word' id='word_1_52' title='bbox 1305 852 1474 895; x_wconf 90' lang='lat' dir='ltr'>Nolunt</span> 
     </span>
     <span class='ocr_line' id='line_1_10' title="bbox 413 918 1270 970; baseline -0.004 -7"><span class='ocrx_word' id='word_1_53' title='bbox 413 920 501 963; x_wconf 83' lang='lat' dir='ltr'>Vel</span> <span class='ocrx_word' id='word_1_54' title='bbox 525 919 633 963; x_wconf 88' lang='lat' dir='ltr'>Solis</span> <span class='ocrx_word' id='word_1_55' title='bbox 654 920 750 970; x_wconf 90' lang='lat' dir='ltr'>dici,</span> <span class='ocrx_word' id='word_1_56' title='bbox 771 919 839 962; x_wconf 90' lang='lat' dir='ltr'>vel</span> <span class='ocrx_word' id='word_1_57' title='bbox 863 919 1113 962; x_wconf 88' lang='lat' dir='ltr'>simulachra</span> <span class='ocrx_word' id='word_1_58' title='bbox 1133 918 1165 961; x_wconf 85' lang='lat' dir='ltr'><strong>J</strong></span> <span class='ocrx_word' id='word_1_59' title='bbox 1168 918 1270 968; x_wconf 84' lang='lat' dir='ltr'>ovis,</span> 
     </span>
     <span class='ocr_line' id='line_1_11' title="bbox 358 984 1512 1036; baseline -0.002 -8"><span class='ocrx_word' id='word_1_60' title='bbox 358 986 442 1029; x_wconf 83' lang='lat' dir='ltr'>Vel</span> <span class='ocrx_word' id='word_1_61' title='bbox 463 985 627 1036; x_wconf 83' lang='lat' dir='ltr'>Phoebi,</span> <span class='ocrx_word' id='word_1_62' title='bbox 650 986 818 1036; x_wconf 86' lang='lat' dir='ltr'>Martis,</span> <span class='ocrx_word' id='word_1_63' title='bbox 841 985 993 1035; x_wconf 88' lang='lat' dir='ltr'>Lunae,</span> <span class='ocrx_word' id='word_1_64' title='bbox 1017 985 1214 1035; x_wconf 90' lang='lat' dir='ltr'>Veneris,</span> <span class='ocrx_word' id='word_1_65' title='bbox 1236 984 1303 1027; x_wconf 82' lang='lat' dir='ltr'>vel</span> <span class='ocrx_word' id='word_1_66' title='bbox 1325 984 1512 1034; x_wconf 90' lang='lat' dir='ltr'>Amoris,</span> 
     </span>
     <span class='ocr_line' id='line_1_12' title="bbox 415 1050 1347 1102; baseline -0.001 -9"><span class='ocrx_word' id='word_1_67' title='bbox 415 1051 631 1102; x_wconf 83' lang='lat' dir='ltr'>Mercurii,</span> <span class='ocrx_word' id='word_1_68' title='bbox 650 1051 821 1102; x_wconf 87' lang='lat' dir='ltr'>Bacchi,</span> <span class='ocrx_word' id='word_1_69' title='bbox 840 1051 1039 1101; x_wconf 84' lang='lat' dir='ltr'>Palladis,</span> <span class='ocrx_word' id='word_1_70' title='bbox 1063 1058 1138 1093; x_wconf 85' lang='lat' dir='ltr'>aut</span> <span class='ocrx_word' id='word_1_71' title='bbox 1159 1050 1347 1094; x_wconf 87' lang='lat' dir='ltr'>Cereris:</span> 
     </span>
     <span class='ocr_line' id='line_1_13' title="bbox 358 1116 1417 1172; baseline -0.003 -11"><span class='ocrx_word' id='word_1_72' title='bbox 358 1116 443 1161; x_wconf 86' lang='lat' dir='ltr'>Sed</span> <span class='ocrx_word' id='word_1_73' title='bbox 465 1117 635 1168; x_wconf 80' lang='lat' dir='ltr'>Christi,</span> <span class='ocrx_word' id='word_1_74' title='bbox 658 1117 792 1168; x_wconf 89' lang='lat' dir='ltr'>Petri,</span> <span class='ocrx_word' id='word_1_75' title='bbox 814 1117 954 1168; x_wconf 82' lang='lat' dir='ltr'>Pauli,</span> <span class='ocrx_word' id='word_1_76' title='bbox 979 1117 1231 1172; x_wconf 87' lang='lat' dir='ltr'>Sanctaeque</span> <span class='ocrx_word' id='word_1_77' title='bbox 1255 1117 1417 1167; x_wconf 83' lang='lat' dir='ltr'>Mariae,</span> 
     </span>
     <span class='ocr_line' id='line_1_14' title="bbox 415 1183 1742 1239; baseline -0.001 -14"><span class='ocrx_word' id='word_1_78' title='bbox 415 1185 507 1226; x_wconf 91' lang='lat' dir='ltr'>Aut</span> <span class='ocrx_word' id='word_1_79' title='bbox 526 1183 607 1226; x_wconf 85' lang='lat' dir='ltr'>alio</span> <span class='ocrx_word' id='word_1_80' title='bbox 628 1183 779 1239; x_wconf 89' lang='lat' dir='ltr'>quovis</span> <span class='ocrx_word' id='word_1_81' title='bbox 799 1183 968 1226; x_wconf 92' lang='lat' dir='ltr'>nomine</span> <span class='ocrx_word' id='word_1_82' title='bbox 990 1183 1272 1239; x_wconf 89' lang='lat' dir='ltr'>Apostolico¹.</span> <span class='ocrx_word' id='word_1_83' title='bbox 1633 1186 1742 1225; x_wconf 82' lang='lat'>1320</span> 
     </span>
     <span class='ocr_line' id='line_1_15' title="bbox 358 1248 1211 1293; baseline -0.002 -1"><span class='ocrx_word' id='word_1_84' title='bbox 358 1249 429 1293; x_wconf 89' lang='lat' dir='ltr'>Sic</span> <span class='ocrx_word' id='word_1_85' title='bbox 449 1249 572 1292; x_wconf 83' lang='lat' dir='ltr'>Fidei</span> <span class='ocrx_word' id='word_1_86' title='bbox 593 1264 703 1292; x_wconf 88' lang='lat' dir='ltr'>verae</span> <span class='ocrx_word' id='word_1_87' title='bbox 724 1264 863 1292; x_wconf 90' lang='lat' dir='ltr'>comes</span> <span class='ocrx_word' id='word_1_88' title='bbox 884 1249 944 1292; x_wconf 91' lang='lat' dir='ltr'>ire</span> <span class='ocrx_word' id='word_1_89' title='bbox 966 1248 1211 1291; x_wconf 83' lang='lat' dir='ltr'>Idololatria</span> 
     </span>
     <span class='ocr_line' id='line_1_16' title="bbox 412 1314 1388 1371; baseline -0.002 -13"><span class='ocrx_word' id='word_1_90' title='bbox 412 1315 625 1358; x_wconf 83' lang='lat' dir='ltr'>Permissa</span> <span class='ocrx_word' id='word_1_91' title='bbox 645 1323 735 1365; x_wconf 86' lang='lat' dir='ltr'>est3</span> <span class='ocrx_word' id='word_1_92' title='bbox 768 1330 868 1358; x_wconf 86' lang='lat' dir='ltr'>vera</span> <span class='ocrx_word' id='word_1_93' title='bbox 887 1314 983 1371; x_wconf 88' lang='lat' dir='ltr'>plus</span> <span class='ocrx_word' id='word_1_94' title='bbox 1003 1314 1249 1371; x_wconf 84' lang='lat' dir='ltr'>placuitque</span> <span class='ocrx_word' id='word_1_95' title='bbox 1269 1314 1388 1357; x_wconf 86' lang='lat' dir='ltr'>Fide.</span> 
     </span>
     <span class='ocr_line' id='line_1_17' title="bbox 356 1380 1475 1438; baseline 0 -14"><span class='ocrx_word' id='word_1_96' title='bbox 356 1381 496 1436; x_wconf 81' lang='lat' dir='ltr'>Quam</span> <span class='ocrx_word' id='word_1_97' title='bbox 519 1381 661 1424; x_wconf 90' lang='lat' dir='ltr'>nullus</span> <span class='ocrx_word' id='word_1_98' title='bbox 683 1380 887 1437; x_wconf 84' lang='lat' dir='ltr'>Princeps</span> <span class='ocrx_word' id='word_1_99' title='bbox 908 1387 973 1423; x_wconf 91' lang='lat' dir='ltr'>est</span> <span class='ocrx_word' id='word_1_100' title='bbox 993 1396 1119 1423; x_wconf 89' lang='lat' dir='ltr'>ausus</span> <span class='ocrx_word' id='word_1_101' title='bbox 1139 1388 1327 1437; x_wconf 86' lang='lat' dir='ltr'>tempore</span> <span class='ocrx_word' id='word_1_102' title='bbox 1348 1381 1475 1438; x_wconf 81' lang='lat' dir='ltr'>longo</span> 
     </span>
     <span class='ocr_line' id='line_1_18' title="bbox 411 1447 1382 1504; baseline -0.001 -14"><span class='ocrx_word' id='word_1_103' title='bbox 411 1448 603 1498; x_wconf 78' lang='lat' dir='ltr'>Laedere‚</span> <span class='ocrx_word' id='word_1_104' title='bbox 624 1462 702 1490; x_wconf 88' lang='lat' dir='ltr'>nec</span> <span class='ocrx_word' id='word_1_105' title='bbox 723 1447 802 1490; x_wconf 83' lang='lat' dir='ltr'>sibi</span> <span class='ocrx_word' id='word_1_106' title='bbox 821 1462 927 1504; x_wconf 86' lang='lat' dir='ltr'>grex</span> <span class='ocrx_word' id='word_1_107' title='bbox 948 1454 1135 1489; x_wconf 87' lang='lat' dir='ltr'>senserat</span> <span class='ocrx_word' id='word_1_108' title='bbox 1154 1462 1243 1489; x_wconf 90' lang='lat' dir='ltr'>esse</span> <span class='ocrx_word' id='word_1_109' title='bbox 1264 1447 1382 1490; x_wconf 88' lang='lat' dir='ltr'>male.</span> 
     </span>
     <span class='ocr_line' id='line_1_19' title="bbox 357 1513 1366 1570; baseline -0.003 -11"><span class='ocrx_word' id='word_1_110' title='bbox 357 1514 441 1559; x_wconf 88' lang='lat' dir='ltr'>Sed</span> <span class='ocrx_word' id='word_1_111' title='bbox 461 1513 595 1558; x_wconf 86' lang='lat' dir='ltr'>veluti</span> <span class='ocrx_word' id='word_1_112' title='bbox 615 1528 805 1570; x_wconf 82' lang='lat' dir='ltr'>properae</span> <span class='ocrx_word' id='word_1_113' title='bbox 826 1528 938 1556; x_wconf 84' lang='lat' dir='ltr'>eurae</span> <span class='ocrx_word' id='word_1_114' title='bbox 959 1513 1227 1556; x_wconf 85' lang='lat' dir='ltr'>subnascitur</span> <span class='ocrx_word' id='word_1_115' title='bbox 1246 1513 1366 1556; x_wconf 84' lang='lat' dir='ltr'>ul&#39;eus</span> 
     </span>
     <span class='ocr_line' id='line_1_20' title="bbox 413 1579 1466 1636; baseline -0.001 -12"><span class='ocrx_word' id='word_1_116' title='bbox 413 1580 544 1631; x_wconf 88' lang='lat' dir='ltr'>Aere,</span> <span class='ocrx_word' id='word_1_117' title='bbox 567 1580 682 1636; x_wconf 92' lang='lat' dir='ltr'>quod</span> <span class='ocrx_word' id='word_1_118' title='bbox 702 1579 755 1622; x_wconf 89' lang='lat' dir='ltr'>ad</span> <span class='ocrx_word' id='word_1_119' title='bbox 775 1586 944 1636; x_wconf 86' lang='lat' dir='ltr'>tempus</span> <span class='ocrx_word' id='word_1_120' title='bbox 965 1595 1049 1622; x_wconf 91' lang='lat' dir='ltr'>non</span> <span class='ocrx_word' id='word_1_121' title='bbox 1070 1581 1197 1623; x_wconf 87' lang='lat' dir='ltr'>breve</span> <span class='ocrx_word' id='word_1_122' title='bbox 1218 1595 1329 1636; x_wconf 86' lang='lat' dir='ltr'>saepe</span> <span class='ocrx_word' id='word_1_123' title='bbox 1349 1580 1466 1631; x_wconf 84' lang='lat' dir='ltr'>latet,</span> 
     </span>
     <span class='ocr_line' id='line_1_21' title="bbox 353 1646 1532 1703; baseline -0.002 -12"><span class='ocrx_word' id='word_1_124' title='bbox 353 1647 415 1691; x_wconf 81' lang='lat' dir='ltr'>Et</span> <span class='ocrx_word' id='word_1_125' title='bbox 434 1647 605 1690; x_wconf 86' lang='lat' dir='ltr'>tandem</span> <span class='ocrx_word' id='word_1_126' title='bbox 626 1646 835 1703; x_wconf 87' lang='lat' dir='ltr'>erumpit:</span> <span class='ocrx_word' id='word_1_127' title='bbox 869 1646 928 1689; x_wconf 88' lang='lat' dir='ltr'>sic</span> <span class='ocrx_word' id='word_1_128' title='bbox 950 1647 1143 1689; x_wconf 89' lang='lat' dir='ltr'>morbum</span> <span class='ocrx_word' id='word_1_129' title='bbox 1164 1661 1239 1688; x_wconf 87' lang='lat' dir='ltr'>rex</span> <span class='ocrx_word' id='word_1_130' title='bbox 1260 1646 1352 1689; x_wconf 92' lang='lat' dir='ltr'>Leo</span> <span class='ocrx_word' id='word_1_131' title='bbox 1372 1646 1532 1703; x_wconf 91' lang='lat' dir='ltr'>primus</span> 
     </span>
     <span class='ocr_line' id='line_1_22' title="bbox 415 1713 1341 1770; baseline -0.003 -12"><span class='ocrx_word' id='word_1_132' title='bbox 415 1713 570 1765; x_wconf 84' lang='lat' dir='ltr'>Sensit,</span> <span class='ocrx_word' id='word_1_133' title='bbox 594 1729 672 1756; x_wconf 90' lang='lat' dir='ltr'>nec</span> <span class='ocrx_word' id='word_1_134' title='bbox 692 1713 834 1770; x_wconf 89' lang='lat' dir='ltr'>potuit</span> <span class='ocrx_word' id='word_1_135' title='bbox 847 1713 936 1770; x_wconf 89' lang='lat' dir='ltr'>jam</span> <span class='ocrx_word' id='word_1_136' title='bbox 957 1728 1153 1769; x_wconf 91' lang='lat' dir='ltr'>superare</span> <span class='ocrx_word' id='word_1_137' title='bbox 1170 1713 1341 1755; x_wconf 89' lang='lat' dir='ltr'>malum.</span> 
     </span>
     <span class='ocr_line' id='line_1_23' title="bbox 357 1778 1626 1835; baseline -0.001 -12"><span class='ocrx_word' id='word_1_138' title='bbox 357 1779 442 1823; x_wconf 89' lang='lat' dir='ltr'>Sed</span> <span class='ocrx_word' id='word_1_139' title='bbox 462 1787 605 1823; x_wconf 86' lang='lat' dir='ltr'>tamen</span> <span class='ocrx_word' id='word_1_140' title='bbox 626 1779 725 1822; x_wconf 91' lang='lat' dir='ltr'>hinc</span> <span class='ocrx_word' id='word_1_141' title='bbox 746 1786 894 1822; x_wconf 85' lang='lat' dir='ltr'>natum</span> <span class='ocrx_word' id='word_1_142' title='bbox 915 1786 980 1822; x_wconf 86' lang='lat' dir='ltr'>est</span> <span class='ocrx_word' id='word_1_143' title='bbox 999 1779 1159 1822; x_wconf 90' lang='lat' dir='ltr'>bellum</span> <span class='ocrx_word' id='word_1_144' title='bbox 1179 1779 1382 1822; x_wconf 84' lang='lat' dir='ltr'>calamare</span> <span class='ocrx_word' id='word_1_145' title='bbox 1405 1778 1626 1835; x_wconf 85' lang='lat' dir='ltr'>Sophistis‚</span> 
     </span>
     <span class='ocr_line' id='line_1_24' title="bbox 413 1844 1741 1902; baseline -0.002 -14"><span class='ocrx_word' id='word_1_146' title='bbox 413 1845 637 1902; x_wconf 87' lang='lat' dir='ltr'>Temporis</span> <span class='ocrx_word' id='word_1_147' title='bbox 657 1845 772 1888; x_wconf 92' lang='lat' dir='ltr'>illius</span> <span class='ocrx_word' id='word_1_148' title='bbox 793 1844 868 1900; x_wconf 90' lang='lat' dir='ltr'>qui</span> <span class='ocrx_word' id='word_1_149' title='bbox 888 1845 1068 1888; x_wconf 87' lang='lat' dir='ltr'>docuere</span> <span class='ocrx_word' id='word_1_150' title='bbox 1087 1844 1227 1887; x_wconf 88' lang='lat' dir='ltr'>fidem.</span> <span class='ocrx_word' id='word_1_151' title='bbox 1631 1848 1741 1887; x_wconf 90' lang='lat'>1330</span> 
     </span>
     <span class='ocr_line' id='line_1_25' title="bbox 355 1910 1246 1961; baseline -0.003 -6"><span class='ocrx_word' id='word_1_152' title='bbox 355 1912 453 1955; x_wconf 90' lang='lat' dir='ltr'>Hoc</span> <span class='ocrx_word' id='word_1_153' title='bbox 472 1912 584 1955; x_wconf 90' lang='lat' dir='ltr'>bello</span> <span class='ocrx_word' id='word_1_154' title='bbox 604 1911 707 1955; x_wconf 88' lang='lat' dir='ltr'>victi</span> <span class='ocrx_word' id='word_1_155' title='bbox 728 1918 944 1954; x_wconf 88' lang='lat' dir='ltr'>cessarunt</span> <span class='ocrx_word' id='word_1_156' title='bbox 964 1910 1246 1961; x_wconf 88' lang='lat' dir='ltr'>Iconomachi,</span> 
     </span>
     <span class='ocr_line' id='line_1_26' title="bbox 412 1977 1198 2029; baseline -0.003 -8"><span class='ocrx_word' id='word_1_157' title='bbox 412 1978 515 2023; x_wconf 92' lang='lat' dir='ltr'>Non</span> <span class='ocrx_word' id='word_1_158' title='bbox 536 1979 826 2029; x_wconf 85' lang='lat' dir='ltr'>concedentes,</span> <span class='ocrx_word' id='word_1_159' title='bbox 848 1978 922 2021; x_wconf 89' lang='lat' dir='ltr'>sed</span> <span class='ocrx_word' id='word_1_160' title='bbox 941 1977 1094 2020; x_wconf 87' lang='lat' dir='ltr'>siluere</span> <span class='ocrx_word' id='word_1_161' title='bbox 1113 1977 1198 2020; x_wconf 90' lang='lat' dir='ltr'>diu.</span> 
     </span>
     <span class='ocr_line' id='line_1_27' title="bbox 356 2043 1511 2100; baseline -0.003 -12"><span class='ocrx_word' id='word_1_162' title='bbox 356 2045 453 2088; x_wconf 90' lang='lat' dir='ltr'>Hae</span> <span class='ocrx_word' id='word_1_163' title='bbox 472 2051 563 2088; x_wconf 83' lang='lat' dir='ltr'>arte</span> <span class='ocrx_word' id='word_1_164' title='bbox 584 2045 782 2088; x_wconf 85' lang='lat' dir='ltr'>effectum</span> <span class='ocrx_word' id='word_1_165' title='bbox 803 2051 881 2095; x_wconf 80' lang='lat' dir='ltr'>est,</span> <span class='ocrx_word' id='word_1_166' title='bbox 905 2059 957 2087; x_wconf 90' lang='lat' dir='ltr'>ne</span> <span class='ocrx_word' id='word_1_167' title='bbox 979 2043 1147 2100; x_wconf 90' lang='lat' dir='ltr'>quando</span> <span class='ocrx_word' id='word_1_168' title='bbox 1167 2050 1358 2087; x_wconf 87' lang='lat' dir='ltr'>cerneret</span> <span class='ocrx_word' id='word_1_169' title='bbox 1378 2049 1511 2085; x_wconf 83' lang='lat' dir='ltr'>artem</span> 
     </span>
     <span class='ocr_line' id='line_1_28' title="bbox 415 2108 1475 2168; baseline -0.002 -14"><span class='ocrx_word' id='word_1_170' title='bbox 415 2110 570 2162; x_wconf 84' lang='lat' dir='ltr'>Stulta,</span> <span class='ocrx_word' id='word_1_171' title='bbox 593 2118 780 2168; x_wconf 83' lang='lat' dir='ltr'>stupens,</span> <span class='ocrx_word' id='word_1_172' title='bbox 802 2117 846 2154; x_wconf 87' lang='lat' dir='ltr'>et</span> <span class='ocrx_word' id='word_1_173' title='bbox 864 2110 985 2153; x_wconf 84' lang='lat' dir='ltr'>hians</span> <span class='ocrx_word' id='word_1_174' title='bbox 1005 2110 1124 2166; x_wconf 87' lang='lat' dir='ltr'>plebs</span> <span class='ocrx_word' id='word_1_175' title='bbox 1144 2109 1188 2152; x_wconf 88' lang='lat' dir='ltr'>in</span> <span class='ocrx_word' id='word_1_176' title='bbox 1208 2108 1475 2166; x_wconf 84' lang='lat' dir='ltr'>imaginibus.</span> 
     </span>
     <span class='ocr_line' id='line_1_29' title="bbox 357 2176 1410 2226; baseline -0.003 -6"><span class='ocrx_word' id='word_1_177' title='bbox 357 2178 544 2221; x_wconf 86' lang='lat' dir='ltr'>Numina</span> <span class='ocrx_word' id='word_1_178' title='bbox 564 2193 642 2221; x_wconf 89' lang='lat' dir='ltr'>nec</span> <span class='ocrx_word' id='word_1_179' title='bbox 662 2184 829 2220; x_wconf 86' lang='lat' dir='ltr'>tantum</span> <span class='ocrx_word' id='word_1_180' title='bbox 852 2176 1015 2221; x_wconf 87' lang='lat' dir='ltr'>Gentes</span> <span class='ocrx_word' id='word_1_181' title='bbox 1035 2176 1182 2219; x_wconf 85' lang='lat' dir='ltr'>fictilia</span> <span class='ocrx_word' id='word_1_182' title='bbox 1201 2177 1410 2226; x_wconf 85' lang='lat' dir='ltr'>amabant,</span> 
     </span>
     <span class='ocr_line' id='line_1_30' title="bbox 415 2242 1242 2288; baseline -0.005 0"><span class='ocrx_word' id='word_1_183' title='bbox 415 2244 499 2288; x_wconf 89' lang='lat' dir='ltr'>Sed</span> <span class='ocrx_word' id='word_1_184' title='bbox 519 2244 650 2288; x_wconf 87' lang='lat' dir='ltr'>festos</span> <span class='ocrx_word' id='word_1_185' title='bbox 671 2244 798 2287; x_wconf 84' lang='lat' dir='ltr'>etiam</span> <span class='ocrx_word' id='word_1_186' title='bbox 819 2243 1110 2287; x_wconf 85' lang='lat' dir='ltr'>concelebrare</span> <span class='ocrx_word' id='word_1_187' title='bbox 1130 2242 1242 2285; x_wconf 88' lang='lat' dir='ltr'>dies:</span> 
     </span>
     <span class='ocr_line' id='line_1_31' title="bbox 356 2307 1449 2366; baseline -0.004 -14"><span class='ocrx_word' id='word_1_188' title='bbox 356 2309 526 2353; x_wconf 88' lang='lat' dir='ltr'>Tollere</span> <span class='ocrx_word' id='word_1_189' title='bbox 547 2325 654 2366; x_wconf 88' lang='lat' dir='ltr'>quos</span> <span class='ocrx_word' id='word_1_190' title='bbox 675 2310 921 2366; x_wconf 92' lang='lat' dir='ltr'>quicunque</span> <span class='ocrx_word' id='word_1_191' title='bbox 942 2315 1052 2352; x_wconf 90' lang='lat' dir='ltr'>esset</span> <span class='ocrx_word' id='word_1_192' title='bbox 1072 2315 1248 2351; x_wconf 86' lang='lat' dir='ltr'>conatus</span> <span class='ocrx_word' id='word_1_193' title='bbox 1267 2307 1449 2363; x_wconf 88' lang='lat' dir='ltr'>ineptus,</span> 
     </span>
     <span class='ocr_line' id='line_1_32' title="bbox 411 2374 1285 2419; baseline -0.005 0"><span class='ocrx_word' id='word_1_194' title='bbox 411 2376 602 2419; x_wconf 87' lang='lat' dir='ltr'>Fecisset</span> <span class='ocrx_word' id='word_1_195' title='bbox 621 2375 836 2419; x_wconf 85' lang='lat' dir='ltr'>madidum</span> <span class='ocrx_word' id='word_1_196' title='bbox 858 2390 1008 2418; x_wconf 84' lang='lat' dir='ltr'>saxeus</span> <span class='ocrx_word' id='word_1_197' title='bbox 1027 2374 1162 2417; x_wconf 90' lang='lat' dir='ltr'>imber</span> <span class='ocrx_word' id='word_1_198' title='bbox 1176 2389 1285 2416; x_wconf 87' lang='lat' dir='ltr'>eum.</span> 
     </span>
     <span class='ocr_line' id='line_1_33' title="bbox 355 2439 1526 2496; baseline -0.003 -12"><span class='ocrx_word' id='word_1_199' title='bbox 355 2442 472 2486; x_wconf 90' lang='lat' dir='ltr'>Hine</span> <span class='ocrx_word' id='word_1_200' title='bbox 494 2442 731 2486; x_wconf 89' lang='lat' dir='ltr'>Chronicus</span> <span class='ocrx_word' id='word_1_201' title='bbox 751 2441 885 2484; x_wconf 87' lang='lat' dir='ltr'>festus</span> <span class='ocrx_word' id='word_1_202' title='bbox 904 2441 1028 2495; x_wconf 88' lang='lat' dir='ltr'>(tunc</span> <span class='ocrx_word' id='word_1_203' title='bbox 1051 2439 1310 2496; x_wconf 82' lang='lat' dir='ltr'>Saturnalia)</span> <span class='ocrx_word' id='word_1_204' title='bbox 1329 2453 1442 2482; x_wconf 89' lang='lat' dir='ltr'>nunc</span> <span class='ocrx_word' id='word_1_205' title='bbox 1462 2444 1526 2482; x_wconf 89' lang='lat' dir='ltr'>est</span> 
     </span>
     <span class='ocr_line' id='line_1_34' title="bbox 412 2505 1741 2558; baseline -0.005 -6"><span class='ocrx_word' id='word_1_206' title='bbox 412 2507 659 2553; x_wconf 78' lang='lat' dir='ltr'>catholicus</span> <span class='ocrx_word' id='word_1_207' title='bbox 679 2507 828 2558; x_wconf 81' lang='lat' dir='ltr'>festus,</span> <span class='ocrx_word' id='word_1_208' title='bbox 849 2507 1018 2550; x_wconf 90' lang='lat' dir='ltr'>nomine</span> <span class='ocrx_word' id='word_1_209' title='bbox 1041 2505 1276 2549; x_wconf 76' lang='lat' dir='ltr'>Carnivale.</span> <span class='ocrx_word' id='word_1_210' title='bbox 1633 2507 1741 2546; x_wconf 88' lang='grc'>1340</span> 
     </span>
     <span class='ocr_line' id='line_1_35' title="bbox 355 2570 1426 2629; baseline -0.005 -11"><span class='ocrx_word' id='word_1_211' title='bbox 355 2574 508 2618; x_wconf 90' lang='lat' dir='ltr'>Nonne</span> <span class='ocrx_word' id='word_1_212' title='bbox 527 2573 657 2617; x_wconf 89' lang='lat' dir='ltr'>etiam</span> <span class='ocrx_word' id='word_1_213' title='bbox 677 2573 833 2615; x_wconf 87' lang='lat' dir='ltr'>mensis</span> <span class='ocrx_word' id='word_1_214' title='bbox 854 2572 962 2615; x_wconf 82' lang='lat' dir='ltr'>Maii</span> <span class='ocrx_word' id='word_1_215' title='bbox 981 2571 1166 2629; x_wconf 90' lang='lat' dir='ltr'>primum</span> <span class='ocrx_word' id='word_1_216' title='bbox 1186 2570 1426 2622; x_wconf 88' lang='lat' dir='ltr'>meministi,</span> 
     </span>
     <span class='ocr_line' id='line_1_36' title="bbox 412 2637 1310 2697; baseline -0.004 -14"><span class='ocrx_word' id='word_1_217' title='bbox 412 2640 478 2683; x_wconf 89' lang='lat' dir='ltr'>Te</span> <span class='ocrx_word' id='word_1_218' title='bbox 498 2654 641 2697; x_wconf 89' lang='lat' dir='ltr'>puero,</span> <span class='ocrx_word' id='word_1_219' title='bbox 656 2639 836 2695; x_wconf 86' lang='lat' dir='ltr'>juvenes</span> <span class='ocrx_word' id='word_1_220' title='bbox 856 2638 1146 2682; x_wconf 84' lang='lat' dir='ltr'>concelebrare</span> <span class='ocrx_word' id='word_1_221' title='bbox 1166 2637 1310 2680; x_wconf 79' lang='lat' dir='ltr'>diem?</span> 
     </span>
     <span class='ocr_line' id='line_1_37' title="bbox 355 2703 1541 2755; baseline -0.003 -5"><span class='ocrx_word' id='word_1_222' title='bbox 355 2706 423 2751; x_wconf 90' lang='lat' dir='ltr'>Ut</span> <span class='ocrx_word' id='word_1_223' title='bbox 442 2706 641 2749; x_wconf 87' lang='lat' dir='ltr'>Phallum</span> <span class='ocrx_word' id='word_1_224' title='bbox 663 2706 898 2755; x_wconf 86' lang='lat' dir='ltr'>arboreum,</span> <span class='ocrx_word' id='word_1_225' title='bbox 921 2706 1156 2748; x_wconf 91' lang='lat' dir='ltr'>membrum</span> <span class='ocrx_word' id='word_1_226' title='bbox 1176 2703 1326 2755; x_wconf 84' lang='lat' dir='ltr'>navile,</span> <span class='ocrx_word' id='word_1_227' title='bbox 1348 2704 1541 2748; x_wconf 83' lang='lat' dir='ltr'>serebant</span> 
     </span>
     <span class='ocr_line' id='line_1_38' title="bbox 412 2770 1261 2830; baseline -0.005 -14"><span class='ocrx_word' id='word_1_228' title='bbox 412 2773 452 2816; x_wconf 84' lang='lat' dir='ltr'>E</span> <span class='ocrx_word' id='word_1_229' title='bbox 473 2773 616 2830; x_wconf 86' lang='lat' dir='ltr'>sylvis,</span> <span class='ocrx_word' id='word_1_230' title='bbox 637 2771 776 2815; x_wconf 90' lang='lat' dir='ltr'>medio</span> <span class='ocrx_word' id='word_1_231' title='bbox 797 2786 923 2827; x_wconf 88' lang='lat' dir='ltr'>quem</span> <span class='ocrx_word' id='word_1_232' title='bbox 943 2777 1129 2814; x_wconf 84' lang='lat' dir='ltr'>statuere</span> <span class='ocrx_word' id='word_1_233' title='bbox 1149 2770 1261 2814; x_wconf 87' lang='lat' dir='ltr'>foro:</span> 
     </span>
    </p>
   </div>
   <div class='ocr_carea' id='block_1_3' title="bbox 636 2919 1429 2968">
    <p class='ocr_par' dir='ltr' id='par_1_3' title="bbox 636 2919 1429 2968">
     <span class='ocr_line' id='line_1_39' title="bbox 636 2919 1429 2968; baseline -0.001 -14"><span class='ocrx_word' id='word_1_234' title='bbox 636 2923 644 2943; x_wconf 84' lang='lat'>¹</span> <span class='ocrx_word' id='word_1_235' title='bbox 672 2921 719 2968; x_wconf 89' lang='lat' dir='ltr'>[V</span> <span class='ocrx_word' id='word_1_236' title='bbox 723 2921 778 2957; x_wconf 87' lang='lat' dir='ltr'>ide</span> <span class='ocrx_word' id='word_1_237' title='bbox 796 2920 1024 2963; x_wconf 61' lang='lat' dir='ltr'>Lex-mun«,</span> <span class='ocrx_word' id='word_1_238' title='bbox 1041 2921 1199 2968; x_wconf 65' lang='lat' dir='ltr'>Angstce,</span> <span class='ocrx_word' id='word_1_239' title='bbox 1216 2932 1248 2967; x_wconf 85' lang='lat' dir='ltr'>p.</span> <span class='ocrx_word' id='word_1_240' title='bbox 1266 2919 1429 2964; x_wconf 80' lang='lat'>659-60.]</span> 
     </span>
    </p>
   </div>
  </div>
 </body>
</html>
