1982 3204
586 292 904 327 TRACTATUS
931 267 1182 326 opwicus.
1473 283 1571 327 223

185 420 298 470 quae
319 420 350 453 a
373 404 504 453 linea
538 404 660 453 lucis
684 404 917 453 continua
937 403 1250 468 protrusione
1272 402 1571 462 derivantur,

185 481 354 545 quales
399 487 514 529 sunt
551 480 652 539 CD,
671 481 763 529 EF
796 488 909 539 etc„
944 494 1337 542 unamquamque
1380 478 1572 579 appello

186 555 366 605 lineam
387 556 510 605 lucis
532 572 743 620 eousque
756 560 1118 620 propagatam.

289 695 466 730 CAUSA
493 695 729 729 PHYSICA
756 693 1057 727 RADIORUM
1084 690 1470 726 DIRECTORUM.

255 772 666 836 Quandoquidem
700 771 866 820 radius
907 771 1056 819 habet
1095 778 1196 818 tres
1230 768 1573 826 dimensiones,

186 848 359 897 demus
377 848 469 912 ipsi
486 848 846 912 perspicuitatis
862 847 1022 910 gratia
1038 845 1344 894 latitudinem
1361 844 1573 907 aliquam

186 924 454 974 notabilem
483 924 600 972 AB:
635 923 998 987 perspicuitatis
1030 922 1230 986 inquam
1260 920 1436 984 gratia,
1461 920 1575 983 quia

186 999 354 1049 radius
377 1015 408 1047 a
429 999 630 1047 minimo
653 998 817 1046 lucido
835 998 1082 1047 derivatus
1101 1004 1175 1049 est
1197 995 1507 1053 insensibilis,
1524 1003 1574 1042 et

186 1082 352 1125 tamen
374 1073 556 1122 radius,

250 1150 364 1199 Jam
392 1149 434 1197 si
462 1147 550 1196 AB
580 1148 839 1212 protrudat
877 1156 990 1196 ante
1043 1187 1060 1204 ,
1117 1152 1128 1172 ¹

186 1240 240 1274 se
279 1224 428 1273 medii
472 1232 663 1288 partem
702 1224 795 1272 sibi
830 1224 995 1287 proxi-

187 1316 319 1349 mam
362 1316 530 1349 versus
577 1299 663 1348 CD
722 1300 855 1348 omni
907 1316 995 1348 suo
1028 1309 1046 1329 ⁸
1134 1314 1155 1334 τ»

186 1382 371 1441 puncto
428 1391 566 1439 aeque
612 1375 859 1434 velociter,
913 1391 996 1423 ne·
1043 1420 1059 1438 υ

189 1467 324 1501 cesse
346 1458 420 1500 est
436 1459 493 1499 ut
517 1450 821 1499 describatur
839 1450 996 1513 paral-

187 1527 578 1591 lelogrammum,
607 1526 709 1574 sive
745 1525 911 1574 radius
936 1526 1167 1585 directus,
1191 1527 1314 1575 AD:
1340 1536 1576 1594 tanquam

190 1603 232 1652 si
261 1603 351 1652 AB
387 1611 515 1651 esset
549 1603 677 1650 latus
714 1601 924 1666 cylindri
953 1602 1160 1650 volutati
1198 1604 1260 1651 ab
1293 1603 1385 1652 AB
1409 1621 1576 1654 versus

190 1678 292 1727 cD.
363 1677 612 1728 Quamdiu
643 1685 808 1726 autem
843 1677 1059 1726 medium
1091 1679 1332 1728 uniforme
1367 1690 1458 1740 est,
1482 1682 1577 1730 hoc

189 1762 281 1813 est,
305 1768 443 1817 aeque
461 1753 642 1817 ubique
665 1752 975 1817 permeabile,
999 1753 1134 1802 nulla
1156 1755 1283 1803 ratio
1307 1757 1577 1820 excogitari

189 1836 354 1894 potest
377 1845 527 1893 quare
552 1829 639 1877 AB
662 1844 762 1876 non
784 1837 1082 1893 propagaret
1103 1837 1293 1878 motum
1326 1833 1460 1880 omni
1489 1849 1578 1881 sua

189 1913 331 1970 parte
353 1920 490 1968 aeque
513 1904 756 1952 velocem:
790 1902 999 1967 ideoque
1022 1904 1148 1952 ratio
1175 1914 1328 1968 patet,
1352 1922 1501 1970 quare
1524 1909 1576 1956 in

190 1979 366 2030 eodem
384 1979 547 2027 medio
571 1978 736 2027 radius
760 1994 951 2042 semper
973 1987 1048 2028 est
1071 1978 1304 2029 directus,
1363 1982 1512 2031 Quod
1535 1983 1577 2031 si

189 2055 280 2105 AB
303 2071 403 2104 non
425 2063 705 2103 moveretur
727 2054 860 2102 omni
894 2070 982 2102 sua
1004 2062 1143 2119 parte
1166 2072 1304 2120 aeque
1325 2057 1575 2116 velociter,

190 2131 280 2180 sed
300 2130 619 2195 inaequaliter,
642 2136 762 2193 puta
782 2145 872 2193 pro
895 2129 1085 2178 ratione
1104 2138 1252 2180 rectae
1274 2131 1362 2180 ΑΕ
1385 2132 1449 2181 ad
1471 2149 1576 2181 rec-

190 2214 294 2257 tam
330 2206 427 2264 BF,
465 2222 565 2254 non
601 2204 954 2269 propagabitur
982 2213 1146 2254 motus
1183 2222 1273 2270 per
1307 2207 1438 2256 viam
1475 2209 1577 2256 sive

191 2283 404 2348 spatium
426 2281 934 2346 parallelogrammum
965 2281 1158 2340 ABGD,
1180 2298 1339 2347 neque
1374 2283 1470 2332 erit
1498 2285 1579 2332 EF

190 2358 322 2408 linea
354 2357 478 2406 lucis
498 2364 804 2421 propagata:
839 2356 910 2404 sic
941 2356 1072 2405 enim
1094 2357 1200 2416 AB,
1225 2374 1372 2422 quam
1402 2374 1576 2423 suppo-

192 2434 356 2483 nimus
378 2448 484 2482 esse
508 2433 561 2480 in
583 2432 791 2481 materia
819 2432 1117 2491 tenuissima,
1140 2433 1493 2483 distraheretur
1527 2435 1580 2483 in

194 2509 519 2573 quantitatem
539 2523 645 2557 sese
667 2508 918 2571 majorem.
989 2508 1060 2556 Ut
1082 2508 1293 2558 sciamus
1308 2518 1476 2558 autem
1492 2526 1580 2574 per

195 2598 342 2648 quam
354 2583 484 2632 viam
506 2582 858 2647 propagabitur
879 2590 1043 2632 motus
1065 2583 1148 2632 hic
1170 2585 1234 2633 ab
1253 2585 1342 2633 AB
1365 2586 1583 2650 inaequa·

194 2659 272 2717 lis,
294 2665 521 2722 putemus
542 2659 698 2723 ipsam
729 2658 817 2707 AB
848 2674 970 2718 esse,
994 2674 1095 2707 non
1118 2667 1174 2708 ut
1197 2668 1313 2709 ante
1346 2660 1474 2709 latus
1497 2676 1581 2723 cy-

195 2732 360 2792 lindri,
396 2732 484 2782 sed
520 2733 648 2782 latus
677 2733 822 2783 frusti
861 2735 989 2794 coni,
1024 2735 1252 2784 babentia
1289 2735 1580 2785 diametrum

196 2809 398 2872 majoris
417 2808 548 2857 basis
570 2809 673 2866 AB,
694 2809 897 2859 minoris
919 2825 1036 2858 vero
1073 2810 1169 2859 BF.
1234 2811 1346 2859 Jam
1381 2810 1422 2859 si
1455 2811 1580 2859 frus-

197 2892 305 2934 tum
326 2884 430 2934 hoc·
451 2884 566 2934 coni
585 2884 916 2948 provolvatur,
937 2885 1109 2934 circuli
1130 2885 1321 2935 basium
1344 2887 1449 2949 ejus
1470 2893 1580 2934 tan-

1628 422 1736 449 PBOP·
1759 421 1813 448 IV·

1630 467 1814 491 -Ὺῌ
