1982 3204
565 288 886 323 TRACTATUS
914 288 1156 323 OP'mcUs.
1460 282 1556 325 235

164 400 256 448 etsi
280 400 609 449 inclinationis
645 400 852 466 angulus
887 401 1043 463 major
1077 400 1142 447 sit
1166 400 1440 459 semirecto,
1466 403 1561 449 erit
1616 418 1727 443 ιἰων.
1749 417 1804 443 tx-

163 476 371 539 angulus
408 476 646 524 refractus
683 477 938 524 semitecto
971 475 1147 523 minor.
1241 475 1411 538 Itaque
1459 477 1560 524 sive

163 552 372 615 angulus
391 552 720 600 inclinationis
740 552 803 599 sit
826 553 998 614 major,
1017 550 1090 597 vel
1113 550 1289 607 minor,
1308 551 1384 598 vel
1403 567 1560 614 aequa·

163 627 223 675 lis
256 628 530 685 semitecto,
569 628 661 675 hoc
694 637 770 674 est
803 627 853 674 in
878 627 1011 674 omni
1052 625 1367 673 inclinatione
1402 627 1452 673 in
1486 643 1562 674 ra-

163 702 298 750 tione
330 702 601 750 mediorum
637 702 903 765 supposita,
943 701 1151 765 angulus
1189 701 1428 750 refractus
1462 703 1563 750 :xit

164 781 423 829 semitecto
449 781 624 829 minor.
697 780 843 830 Quod
868 788 975 828 erat
998 779 1323 843 probandum.

648 971 982 1006 PROPOSITIO
1013 971 1069 1004 X.

166 1048 398 1115 Angnlus
434 1047 761 1110 refractionis
797 1050 883 1114 qni
905 1051 979 1113 fit
1003 1067 1037 1098 a
1064 1047 1209 1096 radio
1247 1048 1469 1096 intrante
1512 1049 1562 1096 in

229 1124 435 1172 medium
466 1123 665 1171 densum
702 1140 871 1172 versus
896 1123 1326 1190 perpendiculum,
1353 1124 1562 1189 ‹equali-5

228 1207 304 1248 est
325 1198 510 1264 angulo
534 1199 857 1262 refractionis
874 1218 1007 1265 quem
1026 1201 1150 1248 idem
1166 1200 1343 1248 radius
1364 1200 1562 1264 refrae-

230 1282 308 1323 tus
321 1274 469 1339 facit
494 1275 663 1323 eziens
688 1275 736 1323 in
763 1276 892 1324 idem
916 1275 1121 1324 medium
1146 1291 1333 1335 rarum,
1359 1275 1409 1323 in
1435 1291 1563 1340 par-

230 1357 307 1398 tes
326 1367 358 1398 α
375 1350 739 1415 perpendiculo
763 1367 985 1399 aversas.

229 1442 307 1490 Sit
338 1442 551 1490 medium
585 1458 750 1490 rarum
780 1444 913 1506 quod
945 1450 1019 1491 est
1057 1458 1205 1506 supra
1240 1450 1424 1491 rectam
1462 1444 1561 1503 CB,

165 1517 299 1581 quod
321 1517 465 1575 infra,
491 1517 711 1566 densum.
784 1519 858 1567 Sit
889 1527 1055 1567 autem
1092 1518 1223 1566 linea
1256 1518 1380 1567 lucis
1403 1519 1508 1579 AB,
1532 1536 1564 1568 a

166 1609 262 1657 qua
302 1594 402 1641 exit
451 1593 614 1641 radius
656 1594 794 1657 cujus

163 1671 320 1719 latera
334 1671 420 1719 AC
441 1681 490 1720 et
506 1671 609 1719 BD.
650 1673 794 1720 Com-

163 1749 296 1813 pleto
311 1750 794 1813 rectanguloABCD,

164 1827 206 1875 si
258 1827 474 1876 medium
521 1845 620 1877 non
668 1837 796 1876 esset

164 1915 423 1964 mutatum,
452 1916 581 1954 esset
617 1905 704 1954 CD
739 1906 797 1953 li-

163 1997 258 2030 nea
301 1981 424 2030 lucis
462 1988 796 2046 propagata:
870 2024 888 2044 ι

164 2057 251 2106 sed
291 2057 406 2121 quia
444 2058 660 2105 medium
706 2057 797 2104 sub
827 2061 889 2103 ιβ’

165 2132 248 2181 CB
293 2132 490 2181 densius
537 2141 612 2181 est
651 2148 798 2196 quam

165 2223 325 2272 supra,
363 2209 458 2257 erit
494 2209 636 2257 lineae
678 2208 800 2256 lucis

166 2283 402 2332 terminus
449 2284 506 2342 B,
543 2283 703 2331 minus
749 2283 800 2331 in

165 2358 321 2422 ipsum
359 2359 617 2407 immersus
653 2374 801 2422 quam

166 2443 403 2496 puuctum
426 2434 486 2482 D.
556 2434 632 2482 Sit
663 2450 781 2498 ergo
815 2434 946 2482 linea
978 2434 1102 2482 lucis
1134 2440 1436 2499 propagata
1462 2433 1558 2490 ΟΕ,

167 2508 239 2556 ita
258 2515 316 2557 nt
338 2508 419 2557 ΟΕ
441 2509 641 2573 aequalis
664 2510 728 2558 sit
750 2509 844 2573 ipsi
870 2511 956 2559 AB
979 2510 1058 2558 vel
1077 2509 1183 2557 CD.
1242 2509 1416 2557 Ductis
1441 2524 1559 2571 ergo

166 2583 646 2647 perpendicularibus
685 2585 749 2633 ad
791 2586 871 2634 CE
911 2586 1060 2634 rectis
1093 2584 1192 2643 CG,
1207 2585 1318 2643 ΕΗ,
1350 2584 1444 2632 erit
1477 2583 1561 2632 CG

166 2658 297 2707 linea
318 2658 542 2717 refracta,
565 2669 616 2708 ct
652 2661 763 2710 ICG
798 2661 1007 2725 angulus
1044 2660 1355 2710 refractionis
1391 2675 1560 2707 versus

168 2732 569 2797 perpendiculum
603 2735 708 2784 CK.
777 2736 980 2795 Rursus,
1003 2736 1067 2785 sit
1102 2735 1315 2784 medium
1354 2734 1560 2783 densum

168 2808 301 2872 quod
330 2817 404 2856 est
438 2809 566 2858 infra
598 2811 700 2869 LD,
732 2827 898 2860 rarum
922 2811 1055 2875 quod
1089 2827 1252 2874 supra,
1277 2819 1326 2859 et
1363 2810 1428 2858 sit
1463 2809 1556 2858 GH

168 2884 297 2933 linea
318 2883 441 2932 lucis
464 2886 782 2951 propaganda
804 2904 836 2937 a
858 2887 1014 2936 denso
1037 2887 1089 2935 in
1114 2902 1297 2936 rarum.
1345 2884 1558 2935 Quando

862 2199 881 2219 0

1619 463 1807 486 -qd
