1982 3204
637 307 893 345 causum
923 307 1143 342 almvm.
1478 298 1543 342 69

155 422 243 473 Ac
259 422 329 500 ad
352 422 460 482 AD,
484 423 696 487 aequales
725 437 831 470 esse
858 420 1036 470 rationi
1061 400 1149 468 AB
1173 420 1344 484 primae
1367 419 1430 469 ad
1452 421 1545 469 AD

155 499 371 540 tertiam.
439 496 455 514 ⁴
566 494 730 541 ⁸—⁰
850 493 870 513 ¹³

222 565 413 615 Deinde
436 582 496 614 ex
520 541 580 614 eo
602 541 949 622 demonstravi,
973 570 1066 611 art.
1098 568 1173 621 15,
1199 562 1331 626 quod
1354 563 1395 611 si
1419 564 1546 612 ratio

155 650 483 706 componatur
521 657 633 689 cum
673 656 762 688 sua
796 639 947 703 ipsius
983 638 1192 695 inversa,
1225 640 1548 701 compositam

154 733 262 766 oese
285 717 524 765 rationem
549 715 859 779 aequalitatis.
930 715 1093 764 Quam
1129 714 1210 762 ille
1242 730 1426 763 conaus
1463 715 1547 763 de-

156 801 432 841 monstrare
473 790 729 849 Ghebrice,
775 806 877 839 non
910 790 1099 854 potuit:
1146 790 1263 854 quia
1297 806 1356 838 ea
1392 790 1453 839 de
1493 807 1547 839 re

156 884 316 933 neque
355 868 563 925 Gheber,
604 883 761 931 neque
801 866 1126 930 DiophantuS,
1164 882 1255 914 nec
1290 866 1548 934 quisquam

154 952 272 993 ante
316 959 412 1002 me,
453 958 732 1006 quanquam
774 941 1036 990 difficultas
1073 957 1174 989 non
1210 957 1392 1004 magna
1427 949 1548 998 erat,

154 1019 414 1084 quicquam
439 1018 650 1081 scripsit.
721 1018 773 1067 Si
810 1018 881 1066 ita
915 1034 1016 1066 non
1039 1018 1118 1076 sit,
1143 1018 1447 1066 contrarium
1471 1034 1548 1065 os-

153 1093 326 1143 tendat
349 1093 572 1151 Wallius,
597 1100 648 1141 et
683 1093 745 1141 ab
781 1093 883 1152 illo,
920 1109 1023 1142 non
1057 1110 1088 1142 a
1121 1109 1200 1141 me
1237 1092 1549 1157 desumptum

155 1169 442 1228 confitebor,
465 1185 558 1218 nec
580 1169 903 1218 intellectum.

620 1317 953 1352 PROPOSITIO
979 1318 1081 1352 vu.

220 1395 452 1458 Effectus
490 1401 618 1454 sunt,
654 1396 819 1444 causis
854 1396 962 1444 suis
1000 1396 1290 1461 adaequatis,
1331 1413 1566 1463 porpora

154 1469 384 1520 tionales.

224 1546 471 1595 Conversa
499 1546 603 1596 fere
630 1553 705 1596 est
729 1546 1045 1607 definitionis,
1070 1564 1168 1612 qua
1190 1547 1396 1598 definita
1418 1556 1495 1598 est
1519 1567 1550 1599 a

156 1638 236 1672 me
276 1621 447 1670 eadem
486 1622 617 1670 ratio
644 1623 966 1688 geometrica,
998 1624 1125 1672 libro
1162 1639 1234 1673 nn
1277 1640 1550 1685 CORPORE,

156 1714 264 1762 cap.
287 1697 388 1756 xiii,
413 1705 504 1745 art.
528 1703 590 1745 6:
639 1714 786 1762 quam
822 1699 875 1746 in
911 1698 1135 1748 Elencho
1170 1716 1260 1749 suo
1294 1701 1551 1766 impugna-

155 1780 310 1822 verat.
381 1772 541 1820 Debet
564 1789 683 1836 ergo
707 1773 827 1821 mihi
850 1773 993 1823 hanc.

222 1847 591 1897 Demonstratio
627 1849 758 1897 illius
798 1849 949 1898 etiam
990 1851 1281 1915 imperfecta
1316 1860 1407 1912 est,
1438 1869 1551 1901 cum

156 1940 258 1972 non
277 1924 342 1972 sit
365 1933 567 1973 extensa
589 1924 653 1972 ad
677 1925 1205 1976 incommensurabilia.
1266 1928 1395 1976 Nam
1420 1929 1553 1993 quod

157 1999 362 2049 inferius
385 1999 520 2058 dicit,
546 2004 577 2025 “
594 2000 728 2064 quod
751 2000 813 2049 de
841 2003 1362 2053 commensurabilibus
1387 2013 1552 2053 osten-

158 2074 309 2135 ditur,
333 2091 446 2123 cum
480 2075 615 2123 nulla
653 2091 803 2124 causa
838 2077 1032 2142 concipi
1065 2080 1220 2142 possit
1251 2095 1339 2128 cur
1362 2097 1467 2128 non
1490 2080 1554 2129 de

159 2149 733 2199 incommensurabilibus
756 2152 981 2201 similiter
997 2170 1167 2203 verum
1185 2156 1282 2203 sit:
1316 2164 1367 2205 et
1389 2164 1555 2220 potest

159 2226 325 2285 etiam,
344 2227 385 2274 si
409 2243 532 2290 opus
550 2227 630 2286 sit,
651 2226 976 2277 demonstrari
994 2229 1413 2280 demonstratione
1432 2249 1555 2297 apa-

156 2301 397 2368 gogica,”
421 2302 667 2351 incertum
691 2311 779 2352 est.
853 2304 951 2353 Ubi
988 2305 1109 2355 dicit
1143 2307 1330 2356 nullam
1353 2324 1555 2356 causam

161 2377 355 2442 concipi
390 2394 562 2442 posse,
608 2388 720 2438 etc„
768 2380 974 2429 nimium
1020 2381 1111 2430 sibi
1157 2383 1346 2431 tribuit.
1428 2384 1554 2432 Puto

160 2451 317 2500 multa
338 2452 479 2501 valde
503 2470 534 2501 a
555 2454 723 2503 multis
747 2456 940 2519 concipi
976 2473 1137 2520 posse,
1162 2474 1269 2522 quae
1295 2459 1555 2524 concipere

162 2525 245 2575 ille
279 2542 381 2575 non
415 2528 593 2592 potnit.
664 2529 763 2577 Sed
797 2546 886 2578 cur
920 2531 1056 2591 dicit,
1082 2549 1204 2596 opus
1239 2549 1338 2581 non
1370 2550 1477 2583 aese
1499 2543 1557 2582 ut

164 2600 525 2651 demonstretur
558 2604 707 2652 etiam
742 2604 803 2653 de
830 2605 1418 2668 incommensurabilibus,
1443 2626 1552 2658 cum

164 2678 432 2741 propositio
471 2679 759 2728 universalis
798 2681 898 2730 sit?
966 2682 1229 2743 Nimirum,
1255 2684 1369 2747 quia
1397 2685 1438 2733 si
1462 2685 1558 2732 hoc

165 2750 376 2811 fecisset,
407 2755 734 2803 necessarium
757 2756 803 2803 ei
824 2756 998 2806 fnisset
1022 2758 1106 2806 illa
1129 2759 1413 2807 definitione
1450 2776 1560 2807 mea

168 2826 258 2885 uti,
282 2842 428 2890 quam
452 2828 504 2877 in
530 2828 748 2877 Eleae-leo
772 2847 860 2879 suo
883 2842 1000 2880 ante
1025 2833 1358 2882 damnaverat.

236 2901 495 2964 Praeterea,
519 2905 669 2954 verba
690 2905 774 2955 illa
791 2925 809 2955 .·
843 2907 891 2955 εἰ
908 2924 1081 2969 causa,
1104 2916 1158 2958 ut
1183 2909 1242 2969 C,
1257 2909 1408 2972 afficit
1431 2915 1484 2956 ut
1502 2909 1558 2968 E,

1596 435 1708 463 PROP.
1731 435 1787 462 Vl.

1599 480 1790 504 *qd
