1982 3204
410 315 473 358 36
742 325 1006 360 ROSETUM
1034 323 1461 358 GEOMETmcUM.

167 451 361 478 mov-xv-
409 436 647 500 logisticae
678 453 793 496 suae,
817 438 894 486 vel
925 437 1209 485 authoritati
1245 436 1469 496 aliorum,
1489 452 1546 484 ea
1569 453 1674 501 quae
1707 453 1793 485 ne-

147 535 292 571 Digrmio
305 537 341 564 ae
410 513 533 560 scias
549 513 887 576 pronunciare,
906 513 1178 576 praesertim
1202 512 1286 559 ubi
1309 528 1407 559 non
1426 513 1566 559 unius
1587 520 1794 569 tantum,

145 579 355 609 ‘¹³⁸¹'⁰“¹³¹¹⁰²⁰·
409 588 498 636 sed
533 589 794 637 multorum
830 590 1186 637 theorematum
1228 587 1471 635 certitudo
1513 587 1794 636 labefactari

406 664 574 727 possit.
645 664 805 711 Multo
847 663 1124 711 credibilius
1169 662 1462 725 pronunciat
1499 678 1529 709 a
1566 678 1795 711 mensura

407 755 602 787 mensor
641 739 862 802 diligens,
900 755 1046 801 quam
1092 738 1175 801 qui
1220 754 1251 785 a
1295 737 1429 786 salsis
1474 737 1796 786 ratiocinatur

405 814 684 878 principiis:
735 821 784 860 et
830 813 1158 876 algebristam‚
1198 813 1250 860 id
1290 821 1365 860 est
1413 813 1793 872 arithmeticum,

407 897 579 937 contra
646 898 980 936 mensuratum
1043 888 1391 951 disputantem,
1455 889 1794 952 dicentemque

405 964 534 1012 idem
573 981 676 1012 esse
713 965 838 1012 latus
863 964 1087 1027 quadrati
1125 971 1174 1012 et
1207 964 1423 1013 radicem
1459 966 1667 1024 numeri,
1692 981 1794 1013 me-

405 1041 500 1088 rito
524 1039 764 1087 irridebit.

471 1116 630 1163 Etiam
664 1115 934 1162 studiosum
969 1115 1189 1163 veritatis
1227 1131 1371 1163 nemo
1411 1115 1549 1163 illum
1582 1116 1792 1179 putabit,

405 1190 487 1253 qui
511 1190 871 1237 conclusionem
894 1190 1065 1238 videns
1090 1191 1342 1238 sententiae
1361 1206 1461 1239 suae
1479 1192 1791 1251 contrariam,

403 1265 574 1313 fultam
599 1273 761 1313 tamen
785 1266 1122 1313 verisimilibus
1146 1266 1318 1314 saltem
1341 1267 1659 1329 argumentis,
1675 1284 1793 1315 con-

404 1348 568 1388 tentus
593 1341 655 1388 sit
678 1356 895 1404 pugnare
920 1349 1093 1389 contra
1129 1341 1282 1389 solam
1324 1341 1791 1391 demonstrationem

408 1417 568 1479 (quae*
594 1417 854 1479 aliquando
879 1433 908 1464 a
927 1417 1177 1465 debilitate
1200 1418 1424 1481 procedit
1447 1418 1521 1466 sui
1544 1418 1694 1482 ipsius
1716 1418 1791 1466 in-

400 1492 548 1555 genii,
569 1492 644 1539 vel
668 1493 727 1539 ab
753 1492 1012 1540 omissione
1045 1493 1250 1556 alicujus
1274 1493 1619 1556 propositionis
1643 1509 1791 1557 quam

401 1567 762 1615 demonstrator
815 1576 1136 1631 supposuerat
1187 1569 1464 1632 geometris,
1517 1569 1791 1632 praesertim

400 1642 642 1706 professis,
697 1658 801 1691 esse
857 1644 1123 1706 cognitam)
1167 1643 1394 1707 neglecta
1443 1644 1514 1692 rei
1566 1644 1788 1692 veritate.

401 1719 528 1766 Nam
562 1719 841 1782 hujusmodi
876 1735 1034 1768 mores
1057 1737 1156 1768 non
1181 1727 1297 1768 sunt
1321 1720 1642 1783 quaerentium
1663 1720 1791 1768 veri-

400 1800 567 1853 tatem,
593 1794 677 1842 sed
701 1795 972 1843 victoriam.

467 1869 591 1918 Quae
610 1869 709 1917 dixi
729 1869 788 1917 de
810 1870 1049 1918 linearum
1067 1878 1118 1919 et
1141 1871 1505 1935 superficierum
1529 1871 1791 1934 incongru-

400 1945 547 2003 entia,
582 1945 756 1993 clarius
788 1947 1093 2009 apparebunt
1128 1947 1180 1995 in
1219 1954 1453 2011 sequente
1485 1946 1790 2011 problemate

400 2020 648 2083 proposito
667 2020 728 2068 ad
752 2020 1048 2085 algebristaS.

918 2299 1100 2347 PROP.
1132 2299 1268 2348 XVI.

404 2404 796 2454 DEscmBA'rUR
821 2407 1113 2470 quadratum
1127 2408 1323 2467 ABCD,
1342 2414 1392 2456 et
1415 2407 1660 2456 dividatur
1682 2414 1788 2456 tum

404 2495 434 2527 a
451 2480 597 2527 rectis
619 2482 713 2539 EF,
733 2482 843 2537 GH,
868 2491 973 2530 tum
997 2499 1027 2531 a
1050 2482 1389 2547 diagonalibus
1413 2483 1519 2541 AC,
1540 2483 1645 2542 BD,
1669 2499 1788 2531 con-

404 2556 709 2603 currentibus
732 2557 782 2604 in
807 2557 846 2615 Ι,
870 2558 1232 2621 quadrifariam.

469 2630 526 2677 In
552 2630 630 2678 FC
668 2631 907 2693 producta
953 2641 1174 2682 sumatur
1211 2634 1295 2682 FK
1333 2633 1532 2697 aequalis
1573 2632 1787 2683 dimidiae

406 2704 517 2762 ΜΡ,
550 2706 878 2769 jungaturque
904 2707 1023 2767 MK,
1049 2725 1196 2772 quam
1232 2708 1370 2757 radio
1395 2709 1490 2757 MF
1513 2707 1787 2772 descriptus

403 2794 544 2826 arcus
569 2779 644 2826 Fcl
663 2788 794 2828 secet
817 2781 865 2829 in
893 2782 930 2829 d
943 2804 954 2838 ;
981 2791 1037 2830 ut
1056 2784 1154 2832 sint
1178 2784 1289 2844 MF,
1313 2784 1409 2833 Md
1427 2784 1653 2848 aequales.
1699 2785 1787 2833 Se-

902 2948 924 2972 *
947 2949 1011 2988 sio
1030 2951 1119 2989 edit.
1147 2949 1259 2990 1671.
