1982 3204
464 294 711 334 Anonos·
737 294 1098 339 onom-:Tmen
1126 295 1242 329 E‘rc.
1451 284 1533 336 ¹71

158 403 292 468 plum
317 405 530 454 medium
549 406 822 455 sedenario:
848 415 899 455 et
922 407 991 454 sic
1015 406 1244 470 deinceps
1270 423 1354 470 per
1373 423 1540 457 nume·
1612 424 1702 451 cn·
1723 422 1778 451 tv-

157 494 239 528 ros
262 481 526 544 quadratos
551 498 639 546 per
662 490 815 531 totam
844 482 1018 531 seriem
1043 482 1406 545 quadratorum.
1561 508 1770 546 nequam.

227 570 308 605 xl.
345 556 483 605 Inter
505 557 628 605 duos
652 567 896 606 extremos
924 558 1074 606 cubos
1109 557 1205 605 duo
1230 558 1541 607 intercedunt
1558 552 1805 624 {ffi'ss'ssssffl

156 633 351 680 numeri
374 633 523 680 medii
557 633 962 696 proportionales.
1032 633 1355 680 Inveniuntur
1378 643 1542 683 autem

157 709 253 758 hoc
274 710 437 759 modo.
510 711 561 759 Si
586 711 698 759 cubi
733 712 832 759 sint
865 710 1090 775 proximi,
1115 710 1361 758 dividatur
1391 712 1543 759 cubus

159 785 321 834 minor
365 802 454 850 per
499 802 636 834 suam
683 786 920 834 radicem:
969 786 1146 834 deinde
1191 785 1544 849 multiplicetur

158 861 385 925 quotiens
402 877 490 925 per
505 877 763 910 numerum
782 861 866 925 qui
888 862 1103 909 radicem
1120 862 1308 909 unitate
1332 852 1545 925 superati.

158 937 432 986 Ptoductus
457 938 548 985 erit
568 937 839 986 mediorum
863 937 1039 986 minor.
1107 937 1420 1001 Exemplum:
1447 938 1545 985 sint

158 1012 271 1061 cubi
300 1018 318 1061 1
349 1022 399 1061 et
423 1018 453 1060 8
476 1013 701 1076 proximi.
763 1013 1023 1061 Dividatur
1041 1013 1195 1061 cubus
1219 1014 1380 1061 minor
1410 1019 1427 1060 l
1458 1029 1547 1076 per

157 1103 298 1136 suam
324 1088 538 1136 radicem
570 1094 617 1135 l:
657 1089 883 1152 quotiens
914 1089 1009 1137 erit
1044 1095 1083 1136 l.
1154 1088 1344 1136 Deinde
1379 1088 1546 1136 multi-

158 1163 286 1228 plica
315 1169 333 1212 l
362 1179 451 1227 per
480 1169 602 1219 1÷1‚
626 1164 677 1211 id
702 1171 775 1211 est
798 1170 853 1211 2:
879 1179 1112 1212 numerus
1134 1163 1216 1211 hic
1239 1170 1269 1212 2
1289 1172 1364 1211 est
1387 1164 1547 1212 minor

156 1239 431 1288 mediorum
455 1240 586 1287 inter
610 1245 627 1287 l
654 1249 706 1287 et
730 1246 776 1287 8.
823 1239 1102 1287 Mediorum
1126 1241 1283 1301 maj0r
1299 1240 1548 1287 invenitur

156 1314 328 1363 eadem
363 1315 610 1363 methodo.
680 1315 847 1363 Diviso
882 1322 912 1363 2
949 1331 1038 1378 per
1069 1321 1110 1373 l,
1145 1315 1202 1363 fit
1234 1315 1461 1378 quotiens
1497 1321 1547 1363 2.

159 1390 489 1454 Multiplicato
507 1391 684 1439 deinde
708 1398 738 1439 2
763 1407 853 1455 per
877 1397 997 1449 1÷1,
1015 1391 1074 1438 fit
1097 1391 1255 1453 major
1273 1391 1571 1439 mediorum⁷

159 1473 208 1515 4.
277 1467 547 1524 Postremo,
572 1466 726 1515 diviso
762 1474 790 1514 4
832 1483 921 1530 per
967 1473 1008 1526 l,
1047 1467 1273 1530 quotiens
1314 1475 1391 1514 est
1413 1474 1460 1525 4,
1497 1474 1550 1515 et

160 1541 484 1604 multiplicato
508 1547 536 1588 4
561 1557 650 1605 per
680 1548 777 1590 l÷l
808 1543 864 1590 fit
889 1547 935 1590 8.
1003 1541 1094 1589 Vel
1117 1541 1181 1590 sit
1212 1542 1365 1589 cubus
1389 1542 1550 1590 minor

161 1620 244 1677 64,
266 1616 406 1664 radix
430 1618 534 1680 ejus
557 1624 605 1674 4,
630 1618 783 1665 cubus
805 1618 1026 1681 proxime
1051 1619 1208 1680 major
1238 1623 1351 1665 125:
1391 1618 1548 1666 diviso

161 1697 224 1741 64
248 1708 338 1756 per
360 1699 407 1749 4,
431 1693 657 1756 quotiens
681 1702 754 1742 est
786 1700 865 1742 16:
890 1693 1214 1757 multiplicato
1245 1699 1301 1742 16
1326 1710 1414 1757 per
1435 1700 1541 1742 4÷1

159 1768 219 1816 fit
241 1773 321 1826 80,
345 1767 617 1816 mediorum
641 1769 842 1832 primus.
889 1769 1092 1826 Rursus,
1117 1769 1273 1818 diviso
1302 1775 1366 1818 80
1389 1786 1478 1834 per
1500 1776 1549 1827 4,

157 1843 388 1907 'quotiens
425 1851 500 1891 est
534 1850 631 1892 20:
666 1845 750 1908 qui
787 1845 1136 1908 multiplicatus
1170 1861 1260 1908 per
1283 1851 1388 1893 4÷1
1428 1845 1549 1894 facit

167 1924 278 1978 100,
296 1918 509 1966 medium
533 1921 785 1982 majorem.
833 1921 1100 1979 Postremo,
1119 1920 1161 1968 si
1185 1920 1432 1968 dividatur
1456 1927 1548 1970 100

158 2000 251 2058 'per
274 1995 323 2052 4,
348 1994 575 2057 quotiens
609 1994 702 2043 erit
730 2001 811 2055 25,
836 1996 921 2059 qui
954 1995 1305 2059 multiplicatus
1326 2012 1415 2060 per
1436 2002 1542 2045 4÷1

160 2069 281 2118 facit
310 2075 418 2117 125.

159 2155 164 2158 ·
229 2159 335 2193 xu·
372 2144 425 2192 Si
449 2144 548 2192 duo
570 2146 762 2194 numeri
784 2147 897 2195 cubi
929 2146 1260 2195 intermittant
1286 2163 1439 2195 unum
1462 2163 1548 2195 nu-

156 2235 351 2269 merum
386 2221 583 2279 cubum,
609 2221 856 2270 dividatur
893 2223 1046 2271 cubus
1086 2223 1248 2271 minor
1282 2239 1371 2287 per
1410 2239 1548 2272 suam

157 2295 394 2355 radicem,
413 2304 463 2344 et
486 2297 838 2360 multiplicetur
855 2299 1080 2362 quotiens
1102 2314 1191 2363 per
1207 2299 1421 2347 radicem
1441 2300 1550 2362 plus

158 2377 211 2429 2,
227 2371 496 2436 productus
513 2373 607 2420 erit
623 2373 784 2421 minor
796 2373 1083 2422 mediorum.
1134 2375 1243 2422 Sint
1265 2375 1379 2422 cubi
1401 2378 1444 2432 1,
1460 2380 1524 2430 27
1536 2393 1550 2422 ε

164 2445 318 2495 diviso
342 2453 360 2495 l
384 2462 474 2510 per
499 2453 539 2505 l,
559 2448 783 2511 quotiens
806 2457 882 2497 est
911 2455 957 2498 l:
982 2451 1066 2513 qui
1089 2450 1439 2514 multiplicatus
1463 2466 1551 2514 per

170 2526 190 2569 l
217 2521 328 2585 plus
351 2528 399 2580 2,
433 2522 553 2570 facit
589 2529 635 2582 3,
660 2524 898 2573 minorem
932 2526 1220 2574 mediorum.
1291 2526 1492 2585 Rursus,
1518 2532 1549 2574 3

166 2595 347 2645 divisus
370 2613 459 2661 per
483 2605 501 2646 l
531 2607 606 2647 est
630 2605 683 2647 3:
719 2600 1070 2665 multiplicatus
1093 2610 1257 2649 autem
1282 2607 1311 2649 3
1332 2618 1420 2665 per
1445 2609 1548 2651 1÷2

163 2670 283 2719 facit
315 2676 364 2730 9,
392 2675 627 2736 maj0rem
659 2674 950 2724 mediorum.
1019 2677 1288 2735 Postremo,
1312 2682 1343 2724 9
1370 2677 1550 2725 divisus

164 2761 254 2810 per
282 2752 301 2794 1
331 2754 405 2795 est
427 2752 483 2795 9:
510 2749 594 2811 qui
616 2749 966 2813 multiplicatus
988 2766 1076 2814 per
1106 2757 1210 2799 1÷2
1235 2759 1311 2799 est
1333 2755 1415 2805 27.

157 2846 162 2851 ·
233 2835 364 2869 1111.
398 2821 648 2881 Similiter,
664 2825 705 2872 si
729 2825 842 2872 cubi
862 2833 979 2874 sunt
1002 2831 1033 2874 8
1057 2833 1107 2874 et
1128 2830 1211 2885 64,
1227 2824 1383 2873 diviso
1407 2830 1438 2874 8
1461 2840 1550 2888 per

169 2912 305 2945 suam
329 2896 544 2946 radicem
567 2905 615 2958 2,
639 2900 865 2963 quotiens
888 2908 962 2950 est
985 2907 1039 2949 4:
1076 2908 1126 2950 et
1143 2907 1171 2949 4
1199 2900 1550 2964 multiplicatus
