1982 3204
474 290 721 330 Αιιαυοτ
746 289 1108 333 onoMssTch
1135 290 1251 324 mc.
1463 282 1553 326 189

168 402 310 451 simul
334 410 544 466 sumpta,
569 401 805 465 aequalia*
822 416 926 449 esse
943 400 1100 448 tribus
1123 401 1307 463 quintis
1329 402 1553 464 quadrati
1598 421 1689 448 cn.
1710 420 1797 447 vm.

168 477 362 536 ABCD,
387 478 437 526 id
460 487 536 526 est
558 478 715 526 tribus
738 477 922 541 quartis
946 475 1230 539 quadrantis
1255 477 1402 527 DAC.
1607 466 1797 532 m

234 554 398 617 Atque
421 554 527 602 haec
551 553 749 617 quidem
767 553 906 610 scire,
922 568 1033 599 cum
1056 567 1144 615 per
1166 567 1218 599 se
1241 568 1341 600 non
1365 569 1556 617 magnae
1611 547 1745 585 ‘'mm“
1757 551 1814 575 “⁶⁶

169 636 284 677 sunt
320 629 563 686 utilitatis,
605 629 856 692 praeterire
888 627 1173 691 potuissem,
1210 627 1304 674 nisi
1341 644 1453 675 cum
1478 645 1557 692 cy-

170 703 474 752 clometriam
521 713 732 752 tractare
785 703 1088 766 incepissem,
1134 718 1364 765 cuperem
1410 704 1558 751 etiam

169 780 418 844 perficere.
495 779 655 827 Etiam
680 779 911 841 quoniam
937 778 1000 826 ad
1024 778 1378 841 plenitudinem
1402 779 1557 842 cyclo-

170 855 360 904 metriae
383 856 599 919 pertinet
622 854 792 902 circuli
816 869 1008 917 quoque
1032 854 1263 917 partium,
1282 853 1334 901 id
1358 862 1434 901 est
1456 858 1559 902 seh·

169 938 332 979 torum
364 930 464 978 sive
501 929 811 993 angulorum,
836 945 1132 993 cognoscere
1156 929 1472 992 quantitates,
1498 929 1558 978 de

170 1005 266 1055 illis
282 1007 386 1070 jam
410 1005 672 1053 dicendum
696 1013 787 1053 est.

238 1095 313 1129 v1.
353 1080 671 1129 Describatur
709 1095 879 1128 rursus
924 1080 997 1140 (in
1020 1080 1103 1144 fig.
1119 1080 1224 1141 viii)
1265 1079 1556 1144 quadratum

170 1155 364 1215 ABCD,
390 1156 600 1204 divisum
625 1164 680 1203 ut
710 1155 762 1203 in
783 1155 866 1218 fig.
882 1155 963 1203 vii.

237 1231 390 1280 Arcui
427 1231 506 1280 CP
544 1238 763 1279 sumatur
808 1230 1006 1295 aequalis
1043 1231 1127 1279 LV
1147 1250 1160 1279 ε
1207 1238 1257 1279 et
1297 1231 1431 1278 arcui
1472 1231 1558 1279 LK

172 1306 371 1370 aequalis
395 1315 618 1354 sumatur
643 1306 732 1354 Cle.
804 1307 1051 1355 Quoniam
1075 1323 1191 1370 ergo
1209 1307 1297 1355 LK
1316 1315 1390 1355 est
1414 1308 1561 1355 tertia

171 1397 286 1446 pars
325 1398 467 1430 arcus
491 1382 595 1441 LC;
632 1382 726 1430 erit
766 1382 853 1429 LK
887 1387 961 1439 10,
1003 1390 1055 1430 et
1079 1382 1158 1430 Kk
1188 1388 1262 1441 10,
1303 1392 1354 1430 et
1378 1382 1451 1430 kc
1486 1387 1571 1440 10‚⁴

172 1473 379 1521 quorum
403 1457 483 1506 LC
502 1467 578 1506 est
602 1463 681 1507 30.
755 1458 958 1516 Rursus,
982 1458 1211 1522 quoniam
1237 1457 1330 1515 CP,
1347 1458 1430 1506 LV
1448 1467 1562 1507 sunt

172 1532 291 1581 facti
314 1533 538 1597 aequales,
577 1533 733 1580 diviso
766 1549 882 1580 arcu
907 1533 989 1581 CL
1012 1550 1043 1581 a
1065 1541 1200 1581 recta
1223 1532 1299 1581 De
1321 1533 1561 1591 bifariam,

175 1608 358 1656 divisus
398 1609 491 1656 erit
526 1617 577 1656 et
612 1624 754 1656 arcus
787 1608 867 1656 PV
890 1608 1114 1656 bifariam
1138 1608 1189 1656 in
1212 1625 1254 1655 e.
1323 1609 1413 1656 Est
1443 1624 1561 1671 ergo

174 1692 278 1732 tum
302 1699 444 1732 arcus
468 1684 551 1743 Ce,
575 1694 680 1731 tum
705 1699 848 1731 arcus
873 1683 941 1731 Le
967 1690 1040 1732 15.
1110 1683 1274 1732 Quare
1297 1691 1402 1732 tum
1420 1699 1562 1732 arcus

174 1759 263 1817 Ve,
286 1767 391 1808 tum
423 1776 564 1808 arcus
590 1760 681 1807 KV
720 1762 748 1814 7
754 1762 804 1813 ξε
840 1775 958 1822 ergo
978 1775 1120 1807 arcus
1144 1759 1243 1819 LV,
1269 1768 1323 1808 ut
1346 1769 1395 1808 et
1419 1777 1562 1808 arcus

176 1835 256 1884 PC
296 1838 397 1891 17³}-
452 1836 580 1898 Ergo
605 1850 747 1882 arcus
771 1833 855 1882 CV
870 1834 972 1881 sive
997 1834 1082 1882 KP
1099 1844 1175 1882 est
1206 1839 1309 1891 124.
1359 1836 1404 1883 A
1427 1844 1564 1883 recta

178 1911 268 1960 ΕΙ)
304 1911 557 1960 auferatur
586 1912 660 1959 Ea
690 1910 888 1974 aeqnalis
923 1910 1185 1960 semilateri
1216 1911 1327 1959 EC:
1365 1919 1414 1959 et
1450 1912 1562 1959 resi·

176 1986 326 2036 duum
351 1986 432 2035 Da
455 1989 564 2051 (per
588 1987 741 2035 Elem.
760 1986 862 2044 xiii,
885 2002 1024 2050 prop.
1058 1987 1102 2047 1)
1131 1987 1225 2034 erit
1261 1989 1419 2050 majus
1452 2003 1557 2050 seg-

177 2069 398 2110 mentum
421 2061 593 2110 lateris
618 2061 724 2119 DC,
749 2061 850 2108 sive
874 2069 1020 2108 rectae
1043 2061 1128 2109 DP
1158 2061 1323 2110 divisae
1347 2071 1565 2110 extrema

177 2145 228 2186 et
249 2137 411 2186 media
433 2138 639 2185 ratione.
690 2137 955 2184 Intervallo
981 2136 1061 2184 Du
1089 2136 1398 2185 describatur
1422 2154 1563 2186 arcus

177 2212 240 2262 ab
279 2228 451 2262 secans
487 2229 656 2260 arcum
694 2212 782 2259 DB
812 2211 864 2259 in
889 2211 950 2267 b;
987 2221 1038 2260 et
1077 2213 1375 2276 producatur
1400 2212 1477 2261 Db
1500 2212 1564 2260 ad

176 2304 346 2337 arcum
371 2289 454 2337 CL
475 2289 525 2336 in
551 2305 597 2335 u.
667 2288 772 2335 Erit
814 2303 932 2351 ergo
968 2303 1110 2336 arcus
1147 2287 1218 2337 Cu
1249 2295 1321 2346 12,
1356 2304 1564 2352 quorum

179 2363 267 2412 CL
286 2373 362 2412 est
386 2369 466 2412 30.
535 2363 664 2411 Nam
686 2378 775 2426 per
797 2362 950 2410 Elem.
975 2363 1073 2421 xiv,
1097 2379 1236 2427 prop.
1256 2370 1302 2422 9,
1328 2372 1462 2411 recta
1486 2363 1564 2411 Db

178 2438 430 2487 subtendit
452 2438 691 2487 decimam
714 2446 904 2502 partem
929 2438 1082 2486 totius
1104 2439 1370 2502 perimetri,
1395 2439 1444 2487 id
1473 2447 1563 2496 est,

180 2514 400 2576 quintam
422 2522 612 2577 partem
637 2513 1023 2577 semiperimetri‚
1042 2513 1094 2561 id
1117 2522 1207 2572 est,
1227 2514 1348 2562 duas
1372 2514 1566 2578 quintas

180 2603 323 2637 arcus
347 2589 450 2638 BD.
518 2589 607 2637 Est
637 2604 755 2652 ergo
791 2605 934 2637 arcus
958 2587 1035 2637 Db
1059 2588 1168 2637 duae
1204 2590 1388 2653 quintae
1423 2605 1565 2637 arcus

182 2663 287 2713 BD.
355 2665 420 2713 Et
441 2666 556 2728 quia
577 2665 785 2728 angulus
818 2665 868 2713 in
904 2674 1093 2723 centro,
1118 2681 1294 2729 nempe
1316 2665 1454 2723 DAb,
1480 2665 1565 2713 du-

180 2737 293 2802 plus
329 2746 404 2787 est
443 2740 609 2804 anguli
643 2740 693 2788 in
740 2740 1146 2799 circumferentia,
1184 2756 1359 2804 nempe
1398 2739 1565 2803 anguli

701 2898 724 2922 *
745 2896 923 2937 Sicedit.
949 2899 1060 2938 1674.
