1982 3204
540 298 802 334 nosti-uu
829 297 1258 333 GnounwnxcuM.
1559 286 1588 339 7

201 409 369 472 anguli
404 410 533 473 er,
551 410 662 475 ΨΧ
687 419 803 459 sunt
832 409 1059 473 aequales.
1130 410 1227 458 Sed
1267 410 1434 474 anguli
1460 411 1587 474 sz,
1661 427 1777 454 maor.
1798 427 1825 454 ι.

202 484 318 533 zEX
344 486 527 533 ostensi
552 495 667 534 sunt
690 484 917 548 aequales.
989 485 1154 533 Quare
1177 485 1343 547 anguli
1379 486 1442 533 ad
1464 486 1512 534 X
1538 495 1588 534 et
1607 475 1823 544 nem

200 560 242 608 E
265 561 497 624 trianguli
519 562 653 618 zEX,
676 570 792 608 sunt
810 560 1019 624 aequales
1038 580 1050 615 ;
1086 569 1136 607 et
1159 570 1361 623 propter
1383 562 1587 609 eandem
1605 558 1689 588 '³⁰²¹'
1704 564 1790 588 Μ’
1809 562 1863 586 ⁶⁶·

202 651 398 684 causam
417 637 582 700 anguli
607 636 671 684 ad
691 636 727 683 F
743 644 791 684 et
815 636 862 683 X
883 635 1116 698 trianguli
1140 636 1276 698 yFX.
1297 644 1411 683 sunt
1429 652 1589 700 aequa-

200 710 287 760 les.
379 711 503 760 Item
546 719 755 775 quatuor
810 718 957 758 rectae
1003 711 1090 769 Ez,
1115 711 1211 769 zX,
1236 711 1333 775 Xy,
1356 712 1429 773 yF
1474 722 1589 760 sunt

201 786 428 850 aequales.

269 862 400 912 Quia
429 877 547 925 ergo
574 870 651 910 est
683 868 741 909 ut
772 861 859 909 FX
882 860 945 909 ad
968 862 1043 909 Yz
1066 861 1136 909 ita
1167 862 1249 909 Xz
1272 861 1334 910 ad
1367 879 1444 925 zy,
1487 863 1587 929 sive

201 937 273 986 ΖΕ
294 937 358 986 ad
381 953 460 1000 zy,
483 937 576 985 erit
599 936 940 1000 componendo
963 945 1018 985 ut
1036 937 1139 995 FX,
1163 937 1263 997 sive
1282 938 1364 996 Fz,
1382 936 1585 1002 plusz,

200 1011 265 1061 ad
287 1012 360 1060 Ez
382 1012 491 1076 plus
514 1029 592 1076 zy,
618 1012 669 1060 id
693 1021 767 1060 est
791 1013 874 1068 Fz,
897 1013 967 1060 ita
990 1013 1058 1060 Fz
1080 1013 1143 1061 ad
1166 1014 1252 1061 zE.

267 1087 472 1136 Inventa
503 1096 579 1135 est
611 1103 729 1150 ergo
769 1087 877 1146 EX,
913 1088 1074 1151 (juxta
1110 1088 1205 1137 def.
1244 1094 1290 1137 3.
1323 1089 1476 1136 Elem.
1513 1090 1583 1150 vi)

200 1171 505 1226 segmentum
541 1171 692 1211 rectae
723 1163 819 1222 EF,
853 1163 930 1212 vel
963 1163 1067 1223 AB,
1105 1173 1253 1212 sectae
1284 1174 1504 1212 extrema
1539 1174 1589 1213 et

200 1237 363 1287 media
385 1239 592 1287 ratione.

270 1314 760 1362 ANIMADVER810*.
800 1314 1118 1363 Paradoxum
1143 1321 1235 1363 est.
1284 1315 1459 1380 Neque
1482 1317 1588 1363 Eu·

199 1387 357 1438 elides
379 1406 535 1454 neque
551 1389 809 1454 quisquam
832 1389 964 1438 alius
985 1390 1074 1438 hoe
1097 1391 1279 1439 docuit.
1352 1392 1589 1457 Segmen-

199 1470 300 1513 tum
324 1465 482 1528 majus
504 1464 686 1513 lateris
707 1472 931 1513 extrema
954 1472 1006 1514 et
1039 1467 1200 1515 media
1232 1467 1423 1515 ratione
1443 1468 1588 1524 secti,

200 1556 309 1588 eam
331 1556 440 1588 esse
462 1539 642 1588 lineam
663 1546 850 1588 rectam
874 1558 974 1604 quoe
997 1541 1254 1590 dimidium
1277 1542 1457 1590 lateris
1482 1560 1588 1591 con-

200 1615 356 1664 nectit
379 1632 486 1664 cum
518 1616 670 1664 tertia
693 1623 851 1681 parte
879 1616 1114 1682 inscripti
1136 1619 1454 1683 quadrantis,
1480 1620 1588 1682 quis

198 1707 410 1756 mquam
436 1692 718 1757 cogitavit?
776 1693 1087 1758 Segmentum
1122 1693 1255 1742 illud
1281 1711 1443 1742 omnes
1472 1694 1584 1742 llae-

199 1771 341 1815 tenus
362 1766 746 1832 designaverunt
767 1768 859 1815 hoc
881 1768 1035 1817 modo.
1110 1769 1427 1818 Produeutur
1443 1777 1588 1818 reeta

202 1841 269 1891 113
286 1842 338 1890 in
361 1842 432 1900 M,
456 1842 531 1890 ita
556 1850 610 1890 ut
634 1843 714 1901 IE,
746 1844 844 1891 EM
867 1843 968 1892 sint
993 1844 1227 1909 oequales,
1250 1852 1302 1893 et
1322 1846 1402 1893 IM
1422 1863 1591 1910 oeqmz—

200 1915 270 1965 lis
300 1916 468 1965 lateri.
537 1917 737 1966 Deinde
765 1924 931 1966 centro
954 1918 1026 1977 M,
1053 1919 1200 1968 radio
1224 1920 1332 1967 MH
1365 1920 1445 1968 vel
1471 1922 1591 1979 MG,

199 1990 485 2057 descriptus
507 2009 658 2040 arcus
690 1993 871 2041 circuli
901 1993 1160 2044 abscindet
1193 1995 1259 2043 ab
1281 1997 1362 2044 EF
1387 2003 1590 2060 partem

199 2067 307 2130 ejus
343 2068 499 2132 (puta
535 2068 640 2132 Ey)
673 2068 910 2133 <equalem
941 2071 1120 2133 majori
1155 2078 1418 2136 segmento,
1488 2072 1592 2120 Sed

200 2142 337 2207 quod
362 2159 425 2191 ea
462 2149 616 2191 rectoe
653 2144 744 2191 EX
784 2144 992 2208 oeqnalis
1025 2146 1110 2204 sit,
1134 2162 1372 2211 nusquam
1403 2148 1588 2196 dicunt.

204 2215 338 2266 Cave
356 2234 482 2283 ergo
504 2217 663 2266 lector
691 2235 754 2266 ne
786 2219 837 2267 in
860 2234 919 2267 re
947 2220 1155 2279 ineerta,
1187 2221 1384 2270 nimium
1409 2229 1591 2271 temere

200 2292 418 2351 eredens,
436 2309 536 2357 pro
558 2294 692 2342 veris
714 2294 847 2342 veris
873 2295 1158 2360 propinqua
1192 2303 1379 2345 tantum
1409 2314 1589 2347 sumas.

200 2366 455 2416 Examina
473 2368 952 2429 demonstrationem,
978 2378 1029 2419 et
1051 2372 1226 2436 confer
1249 2389 1355 2421 cum
1377 2375 1590 2422 numeris

201 2442 335 2491 veris
356 2442 437 2492 vel
455 2443 640 2502 surdis,
664 2443 744 2493 vel
762 2446 961 2494 consule
983 2446 1307 2512 algebristas.

273 2515 458 2566 Coroll.
493 2518 634 2567 Patet
656 2519 772 2568 hinc
794 2521 1027 2584 angulum
1052 2523 1293 2570 utrumvis
1316 2523 1379 2571 ad
1413 2523 1461 2571 X
1486 2531 1536 2571 et
1551 2540 1590 2585 ys

202 2591 437 2656 trianguli
473 2593 613 2657 EXy,
651 2593 855 2658 duplum
892 2611 997 2643 esse
1038 2597 1205 2658 anguli
1245 2597 1308 2645 ad
1344 2599 1384 2645 E
1424 2599 1500 2646 vel
1538 2600 1589 2647 F.

204 2665 335 2715 Nam
358 2676 609 2717 ostensum
633 2677 710 2717 est
745 2678 1006 2734 utrumque
1029 2671 1264 2735 angulum
1287 2673 1403 2737 sz
1427 2690 1589 2737 aequa-

204 2740 303 2791 lem
319 2758 423 2791 ωδε
445 2745 626 2808 angulo
650 2745 787 2793 zEX.

367 2899 390 2924 *
417 2899 780 2942 Auis-adversiones
797 2904 982 2943 videntur
999 2918 1083 2944 eme
1102 2906 1224 2955 ipsius
1242 2907 1429 2945 authoris.
