1982 3204
349 251 444 294 404
912 263 1182 296 HISTORIA

406 369 583 412 Insueto
603 369 777 414 dederat
797 371 973 414 vulnera
993 388 1105 415 saeva
1125 372 1277 416 animo.
1622 378 1738 418 2060

348 435 435 477 Sec.
468 434 669 479 Crescere
689 437 784 493 plus
804 437 918 480 ultra
938 444 1105 481 terrena
1124 438 1315 495 potentia
1334 439 1491 483 nescit:

407 501 559 545 Omnis
580 509 624 545 et
643 503 819 546 ambitio
840 504 898 546 sic
920 505 1072 547 satiata
1091 505 1214 561 perit.

350 568 429 611 Nil
449 569 633 612 habuere
653 569 766 612 ultra
786 570 1053 626 sperandum,
1074 571 1135 612 nil
1156 572 1434 615 metuendum

406 634 660 678 Pontifices:
694 635 820 679 cessit
840 651 1019 692 spesque
1039 644 1263 693 metusque
1284 638 1421 681 simul.

349 701 533 744 Ridebat
554 701 720 757 quoties
742 703 960 758 spectabat
979 703 1215 759 aruspicem
1235 719 1432 761 aruspeX,

408 767 577 824 Ingenii
596 766 703 810 miro
723 773 873 823 captus
894 783 1034 810 amore
1055 768 1132 810 sui.

348 834 428 876 Pr.
463 833 586 887 Quod
606 833 746 884 risere,
768 849 917 889 parum
938 840 1016 876 est.
1078 835 1267 878 Humilis
1287 836 1478 879 sublatus
1497 835 1543 878 in
1562 836 1712 887 altum,

406 899 623 942 Insultans
644 899 767 942 victis
787 900 932 942 ludere
953 915 1065 943 saeva
1085 901 1204 944 solet.

348 966 542 1023 Regibus
562 966 743 1023 imponit
763 966 912 1008 duram
933 973 1082 1009 contra
1105 966 1335 1010 Saracenos

408 1033 624 1084 Militiam,
647 1033 836 1089 ipsorum
856 1033 1095 1089 sumptibus
1115 1034 1245 1089 idque
1266 1035 1367 1077 suis.
1627 1036 1742 1079 2070

349 1098 515 1142 Deinde
535 1099 664 1142 animi
683 1114 820 1149 causa,
842 1114 963 1156 reges
983 1099 1214 1156 populique
1234 1100 1399 1143 subacti

406 1165 722 1221 Experiebatur
742 1164 845 1220 quid
865 1172 1042 1220 potuere
1062 1165 1166 1221 pati.

348 1231 567 1274 Lascivire
589 1231 696 1274 solet
715 1230 894 1272 nimium
915 1246 1062 1273 secura
1080 1238 1289 1287 potestas:

405 1297 770 1354 Regnantumque
791 1296 894 1339 facit
907 1298 1027 1353 jussa
1047 1299 1229 1354 superba
1249 1298 1380 1354 quies.

349 1363 552 1418 Namque
573 1379 699 1419 super
718 1378 871 1420 panem
891 1370 1085 1406 sanctum
1107 1364 1143 1406 si
1163 1365 1332 1419 quando
1357 1364 1563 1408 Sacerdos

407 1429 556 1472 Verba
578 1429 660 1472 Dei
680 1435 794 1472 recte
815 1444 932 1472 sacra
950 1429 1154 1485 loquutus
1174 1437 1278 1481 erat,

350 1497 478 1540 Credi
498 1496 618 1552 Papa
631 1497 760 1552 jubet
779 1511 933 1553 panem
954 1512 1040 1538 non
1060 1497 1242 1553 amplius
1262 1512 1365 1549 esse,

410 1562 495 1606 Sed
515 1563 604 1606 veri
624 1577 806 1614 carnem,
830 1563 1091 1619 sanguinem,
1113 1571 1157 1606 et
1177 1580 1270 1607 ossa
1289 1563 1385 1607 Dei.

351 1629 440 1683 Qui
460 1645 545 1672 non
565 1629 775 1680 credebat,
795 1629 953 1673 Christi
972 1630 1193 1686 pellendus
1213 1631 1315 1675 ovili

406 1696 467 1739 Et
486 1697 589 1746 vita,
611 1695 694 1738 nisi
715 1711 758 1739 se
780 1696 950 1739 credere
966 1697 1097 1752 juret,
1120 1703 1222 1740 erat.
1628 1699 1746 1740 2080

350 1762 447 1806 Nec
467 1770 609 1805 tamen
629 1762 708 1805 hac
728 1762 860 1805 crevit
875 1763 966 1818 jam
988 1779 1151 1806 summa
1170 1763 1362 1820 potentia
1382 1763 1513 1821 Papae

410 1829 547 1886 Lege:
580 1829 653 1871 sed
673 1830 726 1872 ob
747 1829 921 1886 pulchre
941 1836 1062 1886 gesta
1081 1830 1322 1887 triumphus
1341 1837 1445 1874 erat.

350 1895 466 1938 Nam
486 1895 624 1938 voluit
643 1894 725 1938 toti
745 1894 1021 1937 manifestum
1041 1896 1216 1939 reddere
1236 1897 1394 1940 mundo

409 1961 675 2017 Obsequium
697 1961 878 2017 simplex
898 1977 941 2004 se
962 1961 1042 2004 sibi
1062 1963 1170 2006 velle
1191 1963 1293 2014 dari,

351 2028 447 2071 Nec
467 2043 690 2084 passurum
710 2027 884 2084 impune
904 2028 1023 2083 loqui
1043 2044 1121 2071 sua
1139 2029 1339 2086 dogmata
1358 2034 1506 2072 contra

410 2094 682 2150 Quemquam
701 2094 942 2137 hominem:
976 2094 1100 2138 Fidei
1119 2111 1216 2137 nam
1238 2095 1356 2138 dabit
1375 2095 1464 2152 ipse
1484 2094 1669 2139 modum.

350 2161 448 2204 Etsi
468 2168 519 2204 tu
538 2176 690 2217 panem
711 2175 801 2203 esse
822 2167 960 2216 putas,
983 2160 1018 2203 si
1038 2161 1195 2204 dixerit
1214 2161 1298 2212 ille,

412 2229 559 2270 Caseus
578 2234 646 2278 est,
669 2227 783 2269 dices
802 2233 852 2269 tu
874 2242 1045 2282 quoque
1070 2228 1217 2269 Caseus
1236 2234 1304 2270 est.

354 2294 499 2338 Sensit
518 2294 629 2337 idem
650 2300 792 2336 tecum
809 2309 820 2335 ε
851 2309 937 2336 non
958 2293 1123 2350 indiget
1142 2300 1192 2336 ut
1211 2294 1426 2345 doceatur,

409 2360 584 2418 Indiget
602 2360 750 2403 officiis
770 2359 1060 2415 obsequioque
1079 2366 1169 2402 tuo.
1629 2362 1746 2403 2090

350 2427 458 2470 Post
477 2426 634 2469 multos
654 2425 828 2483 cyathos
850 2426 1112 2468 stomachum
1132 2432 1276 2469 movet
1295 2425 1484 2477 ultimus,
1507 2432 1551 2470 et
1571 2426 1686 2483 quod

410 2494 525 2536 Ante
545 2499 636 2535 erat
657 2492 864 2536 ebibitum
885 2492 1077 2535 redditur
1097 2507 1222 2535 omne
1242 2492 1379 2535 simul.

351 2561 553 2604 Moverat
572 2559 663 2602 haec
684 2558 841 2601 multos
861 2558 922 2601 sic
947 2559 1255 2601 Transmutatio
1275 2559 1428 2610 Panis,

409 2627 476 2671 Ut
497 2626 603 2669 scita
622 2641 648 2669 a
669 2625 798 2681 Papis
819 2625 1004 2681 plurima
1023 2625 1263 2680 rejicerent.

351 2693 538 2738 Waldus
558 2699 650 2736 erat
670 2692 844 2748 quidam
864 2691 931 2735 vir
950 2691 1267 2749 Lugdunensis,
1289 2698 1334 2734 et
1353 2691 1466 2735 idem

409 2759 591 2817 Ingenio
611 2765 740 2815 atque
761 2757 911 2815 opibus
931 2758 1068 2801 clarus
1088 2758 1133 2800 in
1153 2759 1258 2801 urbe
1279 2773 1378 2800 sua:

355 2827 672 2883 Scripturaeque
693 2825 830 2869 sciens
850 2840 978 2869 sacrae
999 2825 1144 2876 laicus,
1166 2825 1401 2880 solitusque

410 2893 514 2938 Non
536 2893 640 2950 quid
659 2892 716 2936 sit
736 2891 948 2936 Dominus
968 2907 1172 2948 quaerere,
1194 2892 1267 2935 sed
1287 2891 1390 2948 quid
1411 2891 1497 2933 ait:
