1982 3204
149 411 261 438 PROP.
282 412 339 438 IX.

148 497 194 524 De
208 496 282 524 divis

147 540 246 578 anguli
261 540 330 568 dati.

394 277 457 320 28
726 284 990 319 ROSETUM
1018 282 1446 318 GEOMETRICUM.

392 396 587 445 chordis
606 397 709 457 DG,
727 396 826 444 GE.
898 397 1062 446 Quare
1084 395 1192 443 duae
1217 393 1415 442 ehordae
1439 394 1543 452 DG,
1560 394 1643 443 GE
1668 403 1782 445 sunt

391 472 454 520 ad
487 472 606 520 duas
639 473 846 520 chordas
878 472 996 529 DM,
1017 471 1118 527 DL,
1151 478 1206 518 ut
1231 470 1318 517 AB
1345 469 1408 517 ad
1431 469 1536 516 AD.
1607 470 1704 518 Sed
1727 479 1785 519 ut

391 547 501 596 duae
526 548 720 596 chordae
745 548 848 606 DG,
865 547 947 595 GE
972 546 1035 594 ad
1069 545 1190 592 duas
1224 543 1432 592 chordas
1456 544 1574 602 DM,
1590 545 1691 604 DL,
1715 547 1786 594 ita

392 631 467 671 est
507 630 638 671 totus
679 639 820 671 arcus
857 623 942 670 DE
980 621 1043 669 ad
1080 636 1248 668 arcum
1280 619 1398 668 DL:
1436 618 1569 683 quod
1606 621 1675 669 sic
1706 637 1783 670 os-

390 697 556 747 tendo.

459 774 510 821 Si
544 773 766 821 bifariam
802 779 1027 820 secentur
1063 785 1206 818 arcus
1240 770 1307 818 BI
1345 777 1394 818 et
1419 770 1491 818 IK
1516 770 1569 818 in
1603 786 1637 818 a
1666 778 1716 819 et
1738 770 1784 830 b,

391 849 509 897 item
534 865 674 896 arcus
698 848 815 905 DM,
836 847 931 894 ML
954 845 1179 893 bifariam
1202 845 1254 892 in
1277 861 1304 893 c
1327 853 1377 893 et
1403 845 1453 903 cl,
1475 854 1524 893 et
1541 845 1784 893 ducantur

390 925 805 987 bisegmentorum
828 921 1023 970 chordae
1047 921 1098 968 in
1122 937 1240 969 arcu
1265 921 1354 968 ΒΚ
1376 941 1388 976 ;
1424 921 1544 969 item
1582 920 1784 970 chordae

390 1000 804 1062 bisegmentorum
828 998 879 1045 in
904 1013 1021 1045 arcu
1047 997 1163 1051 DL;
1200 1005 1343 1044 erunt
1367 996 1464 1044 illae
1497 1012 1694 1060 quoque
1729 1005 1789 1045 ut

391 1074 481 1123 AB
506 1074 569 1122 ad
592 1074 712 1122 AD:
749 1081 797 1122 et
821 1088 1010 1135 semper
1033 1073 1104 1120 ita
1128 1079 1286 1131 erunt,
1312 1072 1352 1120 si
1375 1073 1684 1135 bisegmenta
1710 1072 1784 1120 bi-

392 1157 753 1212 segmentorum
799 1147 1124 1211 procederent
1179 1148 1230 1195 in
1290 1147 1552 1196 infinitum.
1644 1147 1783 1196 Idem

391 1240 583 1288 quoque
607 1240 777 1272 verum
812 1230 887 1271 est
922 1223 972 1270 in
1001 1222 1350 1270 bisentionibus
1384 1239 1586 1271 arcuum
1621 1221 1708 1272 KG
1733 1231 1784 1272 et

392 1299 492 1347 LE.
565 1299 662 1347 Sed
686 1298 881 1347 chordae
904 1299 1321 1361 bisegmentorum
1341 1314 1547 1346 numero
1571 1298 1784 1347 infinito-

390 1392 514 1433 rum,
540 1375 749 1438 aequales
774 1383 888 1422 sunt
911 1374 1004 1437 ipsi
1027 1375 1178 1422 arcui.
1238 1375 1367 1422 Nam
1385 1375 1425 1422 si
1449 1390 1618 1423 omnes
1641 1374 1782 1422 chor-

391 1451 464 1497 dae
501 1451 710 1498 minores
747 1457 909 1498 essent
951 1450 1175 1498 omnibus
1213 1450 1312 1497 suis
1353 1450 1578 1509 arcubus,
1615 1458 1783 1514 posset

389 1526 592 1574 bisectio
617 1526 776 1574 adhuc
798 1525 1091 1589 procedere:
1127 1524 1260 1589 quod
1284 1533 1359 1573 est
1397 1534 1571 1574 contra
1606 1541 1783 1591 suppo-

391 1602 553 1649 situm.

456 1678 545 1725 Est
569 1692 686 1740 ergo
709 1683 811 1724 tam
834 1691 975 1723 arcus
1004 1675 1091 1722 DE
1115 1675 1179 1723 ad
1211 1692 1380 1724 areum
1405 1677 1509 1735 DL,
1533 1692 1681 1740 quam
1703 1692 1783 1725 ar-

393 1768 478 1800 cus
498 1752 581 1799 BC
605 1752 667 1799 ad
689 1767 857 1799 arcum
883 1750 989 1810 ΒΚ,
1015 1757 1071 1798 ut
1102 1750 1216 1799 data
1240 1751 1330 1799 AB
1363 1752 1426 1801 ad
1465 1753 1631 1800 datam
1667 1751 1790 1811 AD,

392 1836 443 1876 et
466 1828 535 1876 ita
558 1843 748 1891 quoque
780 1827 986 1891 angulus
1022 1826 1164 1875 datus
1200 1826 1332 1876 BAC
1369 1827 1434 1876 ad
1470 1827 1627 1876 BAK.
1693 1827 1784 1876 Est

394 1919 510 1966 ergo
534 1903 740 1966 angulus
778 1903 919 1951 datus
955 1900 1086 1950 BAC
1117 1910 1279 1950 sectus
1317 1903 1365 1951 in
1393 1903 1439 1950 K
1475 1903 1527 1951 in
1555 1902 1670 1952 data
1702 1919 1782 1952 ra-

393 1978 526 2027 tione
550 1978 639 2027 AB
664 1979 727 2027 ad
751 1979 861 2027 AD.
933 1977 1081 2027 Quod
1105 1986 1210 2026 erat
1234 1978 1527 2028 faciendum.

944 2355 1127 2403 PROP.
1163 2354 1228 2402 X.

398 2487 467 2519 DE
513 2487 773 2530 SINUBUS,
814 2487 1138 2530 SUBTENSIS,
1175 2485 1442 2524 ALIISQUE
1486 2485 1675 2520 LINEIS
1717 2486 1778 2520 IN

782 2563 1127 2602 QUADRANTE
1156 2561 1402 2596 CIRCULI.

393 2656 507 2704 TAN
518 2670 658 2704 GENS
683 2673 824 2705 arcus
847 2657 1090 2721 graduum
1114 2653 1224 2715 223,
1245 2662 1320 2703 est
1337 2653 1535 2719 aequalis
1561 2656 1783 2704 excessui

394 2748 490 2795 quo
515 2731 785 2794 diagonalis
811 2733 1039 2797 quadrati
1062 2732 1190 2780 latus
1213 2739 1428 2795 superat.

462 2807 538 2854 Sit
562 2808 851 2870 quadratum
876 2807 1082 2858 ABCD:
1106 2807 1156 2855 in
1182 2821 1336 2870 eoque
1358 2805 1623 2869 inscriptus
1640 2822 1787 2855 arcus

393 2882 723 2946 quadrantalis
743 2884 844 2944 BD,
869 2899 1039 2934 secans
1063 2881 1370 2946 diagonalem
1390 2879 1476 2930 AC
1497 2880 1547 2929 in
1573 2882 1636 2931 N.
1686 2882 1783 2932 Ita·
