1982 3204
221 358 416 386 OBJECTIO

281 414 365 439 XIV.

219 458 409 482 5-—43—-2

468 223 564 275 272
970 237 1346 272 OBJECTIONES

466 346 711 410 triangulo
731 348 849 406 viso,
865 349 941 396 vel
966 365 1025 397 ex
1043 349 1159 396 visis
1181 349 1314 396 ficto.
1374 348 1498 396 Cum
1521 356 1683 398 autem
1707 352 1856 399 semel

464 437 585 479 rem,
610 422 740 470 unde
777 431 1006 486 putamus
1043 424 1157 471 oriri
1191 423 1350 471 ideam
1383 424 1632 487 trianguli,
1658 427 1855 474 nomine

464 497 696 560 trianguli
738 499 1156 562 appellaverimus,
1197 515 1474 562 quanquam
1522 501 1649 562 perit
1694 500 1854 564 ipsum

464 573 778 636 triangulum,
804 591 984 622 nomen
1010 583 1189 622 manet.
1258 574 1443 622 Eodem
1468 575 1630 633 modo,
1656 576 1696 624 si
1720 577 1855 640 cogi-

462 649 647 696 tatione
683 658 851 697 nostra
888 651 1035 699 semel
1072 650 1440 713 conceperimus
1472 651 1676 713 angulos
1700 652 1854 700 trian-

461 724 564 787 guli
602 741 770 773 omnes
808 726 951 773 simul
984 726 1165 789 aequari
1199 726 1387 773 duobus
1411 726 1575 785 rectis,
1601 734 1650 774 et
1673 743 1853 776 nomen

461 799 556 848 hoc
588 801 796 849 alterum
836 802 1113 849 dederimus
1146 801 1408 864 triangulo,
1435 801 1615 849 habent
1643 809 1744 850 tres
1768 820 1851 851 an·

457 875 608 939 gulos
649 876 866 940 oequales
902 877 1088 924 duobus
1121 877 1308 924 rectis:
1344 877 1435 924 etsi
1459 877 1619 925 nullus
1643 879 1851 942 angulus

462 950 694 999 existeret
739 952 790 998 in
837 952 1037 1011 mundo,
1080 961 1245 999 tamen
1290 968 1470 1000 nomen
1517 962 1752 1012 maneret,
1800 962 1852 1002 et

460 1027 758 1089 sempiterna
802 1029 896 1074 erit
940 1027 1117 1075 veritas
1162 1027 1510 1090 propositionis
1555 1028 1713 1087 istius,
1761 1030 1849 1077 tri-

460 1102 695 1165 angulam
742 1109 819 1150 est
863 1102 1042 1150 habens
1083 1109 1185 1150 tres
1223 1102 1436 1166 angulos
1473 1103 1660 1151 duobus
1700 1104 1850 1152 rectis·

459 1178 689 1241 (equales.
764 1178 860 1226 Sed
895 1194 994 1226 non
1032 1178 1124 1225 erit
1155 1178 1448 1241 sempiterna
1483 1186 1661 1227 natura
1696 1180 1849 1228 trian-

458 1253 576 1316 guli,
604 1253 644 1300 si
667 1253 794 1301 forte
819 1269 962 1300 omne
986 1253 1283 1316 triangulum
1307 1254 1506 1316 periret.

525 1328 654 1376 Vera
678 1328 900 1376 similiter
932 1329 983 1376 in
1015 1336 1253 1376 aeternum
1286 1329 1378 1376 erit
1401 1329 1685 1392 propositio,
1710 1329 1847 1378 Immo

458 1410 534 1450 est
557 1404 759 1462 animal,
783 1411 984 1467 propter
1018 1403 1218 1451 nomina
1248 1411 1463 1451 aeterna:
1502 1403 1589 1451 sed
1611 1414 1848 1467 pereunte

457 1494 637 1542 genere
662 1480 892 1538 humano,
912 1495 1012 1528 non
1037 1479 1129 1527 erit
1151 1479 1359 1542 amplius
1383 1487 1562 1527 natura
1585 1479 1814 1530 humana.

525 1555 669 1603 Unde
709 1563 903 1604 constat
942 1556 1220 1614 essentiam,
1254 1563 1494 1618 quatenus
1531 1555 1849 1620 distinguitur

455 1630 516 1678 ab
563 1631 847 1690 existentia,
893 1631 1014 1679 nihil
1052 1631 1185 1679 aliud
1231 1647 1336 1679 esse
1376 1638 1556 1694 praeter
1594 1632 1847 1681 nominum

455 1707 815 1769 copulationem
859 1723 949 1771 per
989 1708 1191 1755 verbum
1232 1714 1338 1755 est:
1385 1707 1591 1770 ideoque
1638 1710 1847 1758 essentia

455 1783 638 1846 absque
685 1783 944 1831 existentia
986 1791 1058 1831 est
1101 1790 1430 1831 commentum
1477 1790 1711 1831 nostrum.
1781 1785 1847 1833 Et

455 1857 649 1906 videtur
672 1875 775 1906 esse
798 1865 854 1906 ut
877 1858 1039 1921 imago
1072 1858 1283 1906 hominis
1314 1859 1365 1906 in
1398 1858 1560 1905 animo
1593 1858 1657 1906 ad
1687 1858 1847 1907 homi-

454 1949 583 1992 nem,
602 1935 673 1982 ita
697 1950 799 1982 esse
825 1934 1084 1982 essentiam
1103 1934 1165 1981 ad
1190 1934 1504 1982 existentiam
1524 1953 1535 1981 :
1560 1933 1640 1981 vel
1662 1941 1719 1981 ut
1742 1934 1845 1983 haec

454 2010 738 2073 propositio,
771 2011 1001 2058 Socrates
1039 2015 1114 2056 est
1147 2009 1299 2064 Ιιοφηο,
1325 2009 1389 2057 ad
1428 2009 1571 2068 hanc,
1607 2009 1845 2058 Socrates

453 2091 529 2132 est
559 2085 635 2132 vel
675 2085 864 2142 existit,
902 2085 972 2132 ita
1018 2084 1234 2132 Socratis
1271 2084 1483 2132 essentia
1523 2084 1586 2132 ad
1626 2085 1844 2148 ejusdem

453 2160 778 2208 existentiam.
865 2160 974 2208 Jam
1037 2160 1272 2207 Socrates
1319 2166 1395 2207 est
1448 2159 1600 2215 homo,
1647 2159 1842 2222 quando

454 2236 680 2284 Socrates
712 2235 892 2294 existit,
918 2234 1161 2298 significat
1199 2234 1550 2282 connexionem
1587 2234 1842 2283 nominum

452 2319 672 2360 tantum:
709 2319 758 2359 et
797 2317 874 2358 est
907 2309 1006 2358 sive
1048 2326 1157 2357 esse
1187 2310 1337 2357 habet
1367 2309 1456 2357 sub
1495 2325 1546 2356 se
1577 2309 1840 2373 imaginem

451 2387 653 2435 unitatis
676 2387 748 2434 rei
773 2386 961 2434 duobus
986 2384 1265 2432 nominibus
1292 2384 1570 2432 nominatae.

976 2525 1307 2559 RESPONSIO.

516 2606 651 2654 Nota
690 2612 764 2653 est
809 2604 1033 2652 omnibus
1079 2602 1301 2651 essentiae
1342 2603 1402 2650 ab
1444 2603 1701 2652 existentia
1741 2603 1838 2652 dis-

447 2681 654 2731 tinctio:
692 2690 741 2730 et
786 2696 894 2745 quae
939 2679 1020 2727 hic
1067 2679 1127 2727 de
1172 2678 1450 2727 nominibus
1495 2679 1689 2727 aeternis
1728 2679 1836 2727 loco

448 2766 776 2822 conceptuum
809 2756 910 2804 sive
944 2755 1164 2803 idearum
1198 2762 1395 2803 aeternae
1419 2754 1641 2803 veritatis
1665 2754 1836 2804 dicun-

445 2843 543 2893 tur,
563 2835 663 2897 jam
689 2841 804 2882 ante
827 2832 1028 2881 fuerunt
1053 2830 1172 2880 satis
1197 2830 1410 2894 explosa.
