1982 3204
560 301 670 335 nox
704 302 1127 336 MATHEMA'HCA.
1451 294 1539 346 117

150 426 341 459 versam
365 412 596 460 evertisse
618 412 839 461 Wallisii.
907 413 1172 462 Videamus
1191 416 1294 478 jam
1315 432 1378 463 an
1403 432 1538 464 ever-
1556 432 1821 459 cos-movan-

149 495 254 536 tere
277 488 428 552 possit
452 488 686 536 Hobbesii
713 489 943 538 Rosetum
966 489 1231 537 Wallisius.
1637 487 1700 512 su.
1723 487 1759 512 v.

574 636 1004 669 CONTROVERSIA
1037 636 1115 670 Vl.

215 711 296 760 De
329 712 543 760 sectione
577 711 718 759 linere
751 718 903 760 recloe
926 718 1150 761 extrema
1184 719 1233 760 et
1267 713 1428 761 media
1455 731 1536 762 ra-

148 787 293 836 tione.
363 801 560 835 Rosa-m
587 802 726 850 prop.
747 787 762 833 i
783 795 832 835 et
855 787 905 836 ii.

214 862 485 926 Repetatur
506 862 609 924 (fig.
627 861 698 920 iii)
721 861 892 910 Roseti
914 863 1072 927 figura
1095 864 1144 922 i·,
1170 864 1220 911 in
1240 879 1336 927 qua
1354 862 1535 927 ABCR

147 945 224 986 est
241 937 530 1001 quadratum
550 936 759 984 divisum
782 953 809 985 a
835 938 983 985 rectis
1008 939 1103 997 EF,
1129 938 1222 987 GH
1249 939 1299 986 in
1325 948 1536 1002 quatuor

146 1012 386 1077 quadrata
421 1011 628 1075 aequalia
668 1014 1013 1061 concurrentia
1047 1014 1098 1062 in
1134 1013 1174 1062 Ι.
1246 1014 1402 1062 Radio
1438 1014 1534 1063 DA

145 1087 419 1151 descriptus
441 1103 583 1135 arcus
609 1087 718 1144 AX,
737 1097 811 1134 est
835 1104 978 1136 arcus
1002 1094 1066 1137 30
1088 1088 1347 1152 graduum.
1381 1090 1411 1138 J
1416 1106 1535 1139 unc-

143 1170 245 1212 tam
268 1163 358 1211 EX
382 1163 616 1227 aequalem
644 1179 749 1211 esse
774 1163 895 1211 dicit
929 1164 1206 1213 Hobbesius
1230 1165 1403 1229 majori
1426 1182 1535 1230 seg-

142 1246 310 1288 mento
333 1248 480 1287 rectae
503 1240 583 1287 EF
606 1239 775 1287 divisae
804 1248 1023 1288 extrema
1050 1250 1100 1288 et
1131 1240 1292 1289 media
1325 1242 1532 1290 ratione.

142 1313 307 1379 Negat
335 1315 597 1362 Wallisius.
665 1315 997 1363 Examinetur.

207 1390 365 1438 Arcus
395 1390 489 1438 AX
525 1398 598 1438 est
629 1407 772 1438 arcus
810 1397 874 1439 30
906 1391 1165 1454 graduum.
1236 1391 1405 1440 Rectae
1440 1392 1532 1440 EX
1559 1416 1567 1422 ·-

141 1465 340 1529 aequalis
363 1475 439 1514 est
462 1466 564 1514 FX.
616 1466 784 1514 Rectae
807 1466 882 1513 XI
907 1467 993 1514 fiat
1016 1466 1217 1530 aequalis
1242 1467 1323 1524 IT,
1349 1467 1533 1515 ducan-

141 1549 320 1605 turque
366 1541 464 1599 ET,
512 1541 606 1589 FT.
676 1542 765 1589 Est
805 1557 924 1604 ergo
965 1542 1138 1590 EXFT
1175 1542 1407 1590 rhombus
1427 1561 1439 1591 ε
1480 1551 1532 1591 et

139 1615 297 1664 latera
318 1617 422 1679 ejus
441 1616 665 1680 opposita
683 1617 928 1680 parallela.

208 1692 367 1740 Radio
391 1692 475 1740 EX
506 1692 810 1740 describatur
832 1708 974 1740 arcus
997 1692 1096 1756 Xy,
1113 1708 1284 1741 secans
1307 1693 1387 1740 EF
1409 1694 1458 1741 in
1480 1711 1529 1758 y.

140 1766 264 1814 Item
306 1766 444 1814 radio
485 1767 589 1824 FX,
627 1767 705 1814 vel
747 1767 846 1824 FT,
891 1767 1198 1815 describatur
1243 1784 1385 1816 arcus
1430 1769 1526 1817 zX.

139 1841 313 1891 Ductis
333 1858 450 1906 ergo
468 1842 566 1906 Xy,
585 1842 680 1900 Xz,
695 1843 786 1906 yT,
805 1843 891 1901 zT,
912 1844 1006 1891 erit
1030 1843 1186 1907 XyTz
1208 1844 1458 1902 rhombus,
1478 1855 1530 1893 et

138 1917 290 1966 latera
307 1919 411 1982 ejus
431 1919 656 1982 opposita
674 1919 927 1982 parallela:
954 1928 1003 1967 et
1021 1927 1169 1967 rectae
1188 1920 1294 1977 EX,
1315 1921 1404 1982 Ey,
1424 1920 1528 1976 FX,

137 1993 207 2041 Fz
228 2002 345 2042 sunt
367 1994 593 2056 aequales.
665 1995 823 2042 Etiam
850 1995 1017 2059 anguli
1036 1994 1098 2042 ad
1115 1995 1162 2042 X
1181 2004 1232 2043 et
1248 2013 1278 2042 z
1295 1996 1528 2059 trianguli

138 2068 258 2117 FXz
287 2068 498 2132 aequales
534 2076 694 2127 erunt,
719 2078 769 2117 et
802 2070 968 2133 anguli
1001 2070 1064 2117 ad
1088 2070 1136 2117 X
1162 2078 1211 2118 et
1235 2088 1268 2134 y
1295 2071 1527 2134 trianguli

136 2143 262 2208 Exy
280 2154 484 2208 uterque
503 2144 700 2207 utrique
717 2145 933 2208 aequalis.
978 2145 1104 2193 Sunt
1121 2155 1285 2194 autem
1306 2155 1356 2194 et
1379 2154 1528 2194 rectae

137 2219 225 2284 Fy,
240 2218 316 2267 Ez
337 2219 564 2283 aequales.

203 2294 260 2343 In
284 2295 432 2343 rectis
457 2295 564 2353 EX,
593 2295 679 2342 FX
710 2304 966 2343 sumantur
997 2295 1069 2343 Er
1101 2295 1164 2342 Fs
1187 2303 1293 2343 tum
1321 2297 1451 2344 inter
1474 2312 1526 2345 se

135 2377 242 2418 tum
259 2379 467 2434 utraque
482 2370 673 2434 utrique
690 2370 902 2434 aequales
920 2370 1065 2418 rectis
1081 2370 1168 2428 Ez,
1189 2369 1262 2435 Fy
1282 2390 1293 2418 :
1312 2372 1525 2435 jungan-

135 2453 312 2510 turqne
335 2461 407 2504 rs,
422 2462 494 2503 cz,
514 2461 591 2508 ry,
609 2462 684 2509 sy.

201 2521 360 2569 Erunt
377 2537 496 2584 ergo
513 2521 667 2568 latera
684 2522 950 2585 pentagoni
969 2522 1064 2569 tria
1080 2521 1170 2579 Xs,
1190 2539 1269 2586 yz,
1287 2522 1379 2580 rX,
1395 2522 1525 2570 inter

136 2611 189 2644 se
205 2596 410 2660 aequalia
429 2614 441 2644 ε
465 2597 582 2644 item
601 2596 698 2644 duo
722 2596 877 2644 latera
899 2613 974 2660 ys,
994 2614 1053 2644 rz
1070 2597 1200 2645 inter
1223 2614 1274 2646 se
1293 2598 1521 2661 aequalia:

137 2677 188 2719 et
209 2671 455 2735 triangula
477 2671 571 2719 tria
593 2671 716 2729 Xzs,
735 2671 865 2735 Xyr,
880 2671 997 2735 sz
1018 2672 1240 2734 aequalia,
1256 2681 1306 2720 et
1330 2672 1522 2731 similia,

137 2754 189 2793 et
211 2746 497 2809 aequicrura.

204 2820 540 2869 Producuntur
563 2838 639 2884 ry,
663 2821 747 2885 Xy
768 2821 832 2868 ad
857 2821 934 2868 FT
956 2821 1084 2868 latus
1110 2819 1300 2868 rhombi
1329 2821 1523 2884 opposi-

135 2904 240 2945 tum
263 2895 405 2944 lateri
439 2896 528 2944 EX
563 2896 614 2944 in
644 2902 674 2951 β
701 2904 750 2944 at
775 2910 825 2943 γε
848 2905 1091 2958 eruntque
1111 2894 1177 2949 Ρβ
1199 2902 1249 2943 et
1263 2895 1343 2942 Xr
1366 2894 1523 2958 paral·
