1982 3204
410 290 499 333 148
815 301 925 335 Lux
955 299 1381 334 MATHEMATICA.

118 426 172 469 Ap
186 426 390 453 macrones
407 412 628 461 labimur.
701 413 865 462 Quare
900 413 1096 462 autem?
1167 413 1296 462 Quia
1331 413 1414 475 qui
1451 412 1667 461 scientiae
1698 413 1791 477 ipsi

143 482 383 508 ADMONlTlo.

164 527 352 550 b-—r—-ae

409 488 621 548 student,
652 490 816 552 pauci:
853 490 936 553 qui
967 488 1281 536 scientiarum
1317 488 1616 551 professione
1640 505 1795 553 quaes-

407 570 514 612 tum
537 563 739 622 faciunt,
764 564 1004 611 innumeri
1030 571 1159 611 sunt.
1231 564 1340 621 His,
1367 563 1511 611 simul
1534 580 1591 611 ac
1614 564 1794 627 magis-

409 648 596 687 trorum
631 655 830 687 suorum
856 639 1128 687 doctrinam
1154 638 1457 696 edidicerint,
1483 639 1574 687 etsi
1598 655 1794 687 sensum

410 732 468 763 ac
491 715 590 763 vim
624 715 750 763 illius
787 731 884 762 non
919 714 1206 777 percipiant,
1230 730 1320 777 pro
1345 714 1478 762 omni
1501 722 1792 778 argumento

411 791 586 839 sufficit
610 790 882 838 authoritas
902 789 1122 852 magistri
1136 790 1333 837 z—dicit
1355 788 1795 837 Aristoteles-est

410 866 777 914 Eue-lidis—est
810 864 1206 913 Archimedis—z
1232 864 1492 928 aliquando
1523 865 1685 923 etiam,
1709 865 1795 912 ubi

413 942 587 991 summi
611 942 680 989 illi
703 941 795 988 viri
832 940 954 987 nihil
987 940 1083 987 tale
1107 940 1345 988 senserint
1369 948 1455 989 aut
1487 941 1792 1004 scripserint:

413 1034 547 1066 more
562 1017 959 1081 philosophorum
979 1015 1173 1063 illorum
1189 1031 1312 1078 quos
1326 1015 1501 1074 facete,
1518 1016 1604 1064 sed
1618 1016 1794 1064 merito

413 1093 601 1141 deridet
649 1093 905 1148 Lucianus,
947 1090 1007 1138 de
1048 1091 1222 1154 quibus
1261 1091 1455 1139 locutus
1493 1099 1566 1140 est
1607 1092 1795 1150 Cicero,

411 1169 606 1232 quando
642 1168 764 1215 nihil
793 1183 896 1214 esse
929 1174 1030 1214 tam
1063 1166 1327 1214 absurdum
1353 1167 1550 1226 diceret,
1577 1167 1709 1231 quod
1731 1168 1794 1215 ab

411 1245 574 1308 aliquo
598 1243 999 1306 philosophorum
1023 1258 1124 1290 non
1144 1242 1208 1290 sit
1224 1242 1610 1305 pronuntiatum.
1681 1242 1794 1301 Sed,

411 1336 473 1368 ne
493 1320 717 1367 recedam
737 1335 765 1366 a
782 1318 1060 1381 geometris,
1075 1318 1193 1381 quid
1212 1318 1252 1366 si
1267 1318 1536 1377 Euclidem,
1552 1319 1628 1366 vel
1647 1318 1797 1366 alium

412 1412 472 1443 ex
486 1395 728 1458 magistris
744 1395 836 1442 illis
852 1394 1149 1451 maximis,in
1165 1394 1580 1442 demonstratione
1595 1409 1796 1452 errasse,

413 1479 498 1518 aut
520 1470 743 1518 voculam
775 1470 990 1532 aliquam
1024 1486 1125 1517 non
1160 1470 1277 1518 satis
1302 1478 1530 1517 accurate
1556 1469 1798 1529 definisse,

412 1554 498 1594 aut
522 1546 823 1609 postulatum
853 1546 986 1608 justo
1017 1545 1336 1593 universalius
1369 1545 1617 1608 postulare
1641 1546 1800 1594 conti-

411 1623 581 1685 gisset:
618 1629 848 1686 poterant
870 1622 1015 1678 enim,
1041 1622 1157 1670 dum
1181 1621 1401 1669 homines
1425 1629 1609 1670 essent:
1634 1637 1800 1670 nonne

413 1697 670 1760 explicare,
718 1697 978 1760 corrigere,
1025 1696 1416 1760 praetermittere,
1464 1704 1551 1744 aut
1589 1696 1799 1760 denique

413 1773 623 1836 abjicere
659 1772 742 1820 illa
769 1772 919 1819 satius
958 1780 1102 1830 esset,
1129 1787 1274 1835 quam
1309 1771 1443 1820 falsis
1474 1771 1598 1820 falsa
1620 1787 1799 1835 conge-

413 1848 565 1896 rendo
590 1847 736 1895 etiam
756 1863 872 1895 vera
895 1847 1073 1895 abdere
1091 1848 1169 1895 vel
1193 1846 1523 1895 abscondere?
1571 1847 1799 1895 Euclides

413 1923 592 1970 lineam
628 1922 987 1985 longitudinem
1024 1938 1129 1970 esse
1167 1922 1338 1970 definit
1379 1922 1483 1970 sine
1523 1922 1798 1971 latitudine.

418 1998 540 2046 Quis
557 2013 773 2060 unquam
796 1997 1107 2045 latitudinem
1131 1997 1427 2061 imaginatus
1446 2004 1520 2046 est
1548 1997 1799 2061 (imagina-

416 2081 496 2120 tus
522 2079 595 2120 est
619 2072 747 2130 dico,
766 2087 866 2119 non
885 2071 993 2119 dico
1013 2072 1360 2134 consideravit)
1384 2073 1487 2120 sine
1511 2071 1799 2121 latitudine?

416 2148 554 2196 Idem
576 2147 721 2211 paulo
744 2154 855 2210 post
878 2147 1082 2194 concedi
1105 2147 1196 2195 sibi
1218 2148 1452 2211 postulat,
1477 2164 1506 2196 a
1527 2155 1713 2211 puncto
1737 2147 1802 2196 ad

415 2231 653 2288 punctum
677 2222 791 2270 duci
814 2237 955 2286 posse
979 2222 1173 2270 lineam.
1229 2222 1377 2271 Quod
1401 2230 1476 2270 est
1499 2223 1802 2286 postulatum

416 2299 786 2363 iniquissimum,
822 2307 873 2346 et
909 2304 1082 2345 contra
1118 2298 1322 2345 rationis
1362 2298 1597 2346 naturalis
1636 2298 1802 2347 lumen

416 2374 767 2423 immediatum.
838 2373 1016 2421 Utrum
1046 2373 1150 2436 jam
1181 2373 1367 2436 aequius
1391 2381 1465 2420 est
1489 2373 1669 2430 dicere,
1692 2389 1803 2422 sen-

416 2453 534 2500 sisse
580 2450 833 2499 Euclidem
877 2449 1188 2497 latitudinem
1229 2448 1368 2496 lineae
1406 2449 1457 2495 in
1504 2448 1803 2497 aestimandis

417 2527 764 2592 superficiebus
798 2541 898 2573 non
931 2523 1336 2573 considerandam
1373 2539 1493 2583 esse,
1532 2540 1679 2587 quam
1714 2532 1802 2573 aut

417 2618 598 2666 negare
631 2600 866 2649 ducendae
904 2600 1046 2648 lineae
1076 2599 1466 2663 possibilitatem,
1498 2606 1584 2647 aut
1619 2600 1680 2647 ab
1717 2599 1803 2649 illo

418 2678 657 2743 principio
676 2676 941 2741 procedere
959 2676 1020 2723 ad
1040 2675 1512 2723 demonstrationes?
1558 2674 1802 2734 Euclides,

419 2754 572 2802 Elem.
609 2753 677 2811 iii,
718 2768 856 2816 prop.
906 2757 979 2809 16,
1020 2751 1253 2814 angulum
1299 2750 1590 2799 semicirculi
1633 2751 1804 2815 quovis

420 2829 598 2893 angulo
617 2835 760 2876 acuto
776 2827 1028 2875 rectilineo
1039 2827 1272 2890 majorem
1288 2842 1393 2874 esse
1409 2825 1543 2885 dicit,
1561 2826 1803 2890 reliquum

420 2914 581 2955 autem
632 2904 883 2952 minorem.
977 2902 1097 2951 Inde
1143 2901 1291 2950 infert
1338 2901 1547 2961 Clavius,
1594 2917 1695 2951 non
1747 2909 1804 2950 ut
