1982 3204
689 259 1134 294 BccusssxASTmA.
1509 255 1606 297 395

216 370 304 412 Βοο.
337 368 405 412 At
423 368 591 412 daemon
608 367 803 419 mendax,
818 367 894 424 qui
915 382 1029 411 nunc
1049 367 1291 424 possederat
1311 369 1435 425 ipsos,

277 434 324 479 Si
344 435 459 478 credi
479 443 696 492 cuperent,
717 434 947 491 ejiciendus
966 441 1072 477 erat.

217 501 297 543 Pr.
333 500 517 557 Spiritus
536 500 685 557 (adde)
703 509 747 544 et
766 499 969 550 avaritiae,
990 499 1211 555 fastusque
1231 501 1416 557 superbi,

276 566 403 618 Litis,
423 566 636 616 vindictae,
658 566 919 622 saevitiaeque
939 566 1055 609 ferae.
1466 573 1471 577 “

218 632 304 676 Sed
324 647 438 675 nunc
457 632 650 675 ridiculoe
671 631 873 675 miracula
894 631 1018 674 mitto
1036 630 1229 688 legendae
1246 649 1259 680 ς
1455 653 1526 671 ‹-

276 698 343 743 Ut
363 714 458 755 quae
471 698 723 755 jamdudum
744 706 846 741 sunt
864 697 944 740 tibi
965 704 1067 741 nota
1085 697 1200 740 satis.

218 764 316 808 Hoc
334 780 428 808 aevo
448 772 572 808 terrae
593 763 791 820 spoliavit
810 771 930 821 parte
951 763 1122 806 Latinae
1292 756 1295 760 ’

275 831 371 875 Rex
391 830 731 874 Lombardorum
752 830 1006 874 Pontificem
1026 829 1171 873 laicus.

217 896 334 941 'hun
352 912 429 940 rex
449 896 726 952 chilpericus,
747 896 943 972 stupidus
962 895 1227 953 cognomine,
1243 910 1421 952 regnum

275 963 497 1006 Gallorum
518 962 682 1005 tenuit.
714 962 818 1005 fecit
836 969 882 1005 at
901 962 992 1019 ipse
1011 961 1146 1004 nihil.
1499 964 1610 1005 1730

217 1028 377 1075 Omnia
395 1036 487 1072 erat
507 1028 715 1085 Pipinus3
746 1044 957 1085 opemque
976 1028 1115 1072 oravit
1133 1029 1187 1071 ab
1207 1027 1282 1071 illo

274 1095 432 1139 Contra
451 1094 716 1138 Lombardos
736 1094 881 1152 Papa·
870 1127 882 1146 ,
913 1110 992 1138 nee
1011 1094 1083 1138 ille
1103 1101 1246 1151 negat.

218 1159 370 1204 Armis
390 1159 561 1203 Italiam
580 1160 719 1216 petiit,
741 1160 958 1217 superavit
977 1167 1021 1203 et
1041 1160 1233 1210 hostem;

273 1226 476 1270 Pontifici
494 1226 664 1284 glebam
685 1227 961 1282 restituitque
981 1242 1113 1269 suam.

214 1291 363 1349 Digna
381 1307 506 1349 rogas
525 1307 664 1348 operae
684 1307 782 1348 quae
802 1293 917 1349 oepit
937 1292 1111 1350 praemia
1129 1294 1294 1335 tantae?

268 1357 347 1401 Fit
365 1373 442 1401 rex
464 1357 667 1415 Pipinus:
701 1357 969 1415 Chilpericus
988 1358 1233 1402 monachus.

220 1423 319 1469 Nec
338 1425 441 1467 dum
461 1424 558 1467 finis
578 1432 694 1467 erat:
717 1424 874 1482 Pipino
894 1432 1030 1468 morte
1050 1432 1213 1468 remoto

275 1490 544 1534 Lombardus
564 1490 703 1533 vietus
723 1506 870 1534 rursus
890 1491 935 1533 in
954 1506 1073 1534 arma
1090 1491 1192 1534 ruit.

220 1557 400 1601 Ablatas
419 1557 575 1600 iterum
596 1556 812 1600 Romanas
831 1564 1012 1614 oecuput
1030 1558 1170 1608 urbes,

277 1623 397 1679 Quas
416 1623 571 1667 iterum
593 1623 714 1667 miles
735 1624 926 1667 Gallicus
946 1624 1110 1681 eripiet.
1502 1623 1612 1668 1740

218 1689 335 1734 Nam
355 1690 531 1734 Carolus
552 1689 752 1747 Magnus,
775 1690 923 1746 Pipini
942 1690 1069 1740 filius,
1089 1690 1219 1733 armis

277 1755 563 1799 Lombardum
584 1763 752 1813 ereptos
772 1756 947 1800 reddere
966 1756 1083 1813 cogit
1101 1771 1237 1813 agros.

217 1822 282 1867 Et
300 1822 474 1867 veniens
492 1822 689 1882 Romam,
710 1823 895 1866 turbatis
914 1822 1139 1866 schismate
1157 1823 1323 1866 firmam

277 1888 480 1932 Romanis
499 1904 647 1945 paoem
664 1888 1005 1945 Pontificemque
1020 1889 1151 1932 dedit.

221 1953 294 2000 Sic
312 1954 475 2012 Papam
495 1955 611 2005 fecit,
633 1955 806 1998 victoris
818 1956 930 2012 jure,
954 1955 1140 1998 Leonem
1157 1972 1168 1998 :

279 2021 476 2075 (Tertius
495 2021 567 2063 ille
587 2021 674 2063 fuit
692 2022 763 2064 cui
783 2021 877 2065 Leo
895 2036 1051 2065 nomen
1070 2021 1195 2077 erat).

218 2087 267 2132 N
269 2102 318 2132 ec
336 2087 423 2130 suit
441 2087 635 2143 ingratus
657 2087 775 2131 Leo:
807 2103 906 2130 nam
927 2087 1078 2131 Gai-olo
1097 2087 1215 2131 dedit
1233 2087 1306 2132 ille

278 2152 460 2198 Caemris
479 2153 648 2209 antiqui
667 2169 820 2197 nomen
840 2161 886 2197 et
904 2153 1142 2210 imperium.

221 2220 307 2263 800.
338 2219 464 2263 Talia
481 2220 593 2263 dona
611 2219 720 2263 solet
738 2220 969 2276 producere
987 2219 1130 2277 gratia
1145 2234 1267 2263 raro:

278 2284 513 2330 Contu-aeto
533 2286 675 2342 potius
694 2287 851 2330 finiere
870 2293 995 2343 pacta
1013 2293 1131 2343 puto.
1502 2289 1612 2330 1750

222 2349 360 2394 Itdus
377 2358 455 2394 aut
473 2350 639 2402 Gallus,
661 2352 765 2407 quid
785 2351 831 2394 in
851 2352 1022 2409 Anglos
1040 2351 1151 2408 juris
1170 2351 1383 2395 habebat?

280 2415 328 2459 N
327 2431 384 2460 on
403 2432 481 2460 sna
498 2432 575 2461 rex
595 2417 788 2469 Catulum
808 2434 895 2461 non
914 2433 992 2461 sua
1010 2417 1132 2475 Papa
1149 2417 1278 2461 dedit.

225 2484 302 2526 Pr.
332 2482 413 2526 Nil
430 2483 563 2527 refert
581 2499 668 2540 quo
680 2485 805 2541 jure:
837 2485 911 2528 sed
929 2491 1074 2528 actum
1093 2491 1188 2545 estj
1221 2492 1266 2528 et
1284 2484 1371 2528 fuit
1388 2484 1497 2528 alter

281 2547 511 2595 Terrarum
530 2548 771 2601 Dominum
804 2550 902 2594 Rex
922 2550 1047 2594 Fidei
1065 2550 1174 2594 alter
1191 2557 1298 2594 erat.

224 2613 270 2656 N
271 2628 320 2657 ee
339 2620 407 2657 tot
424 2613 479 2656 ad
496 2614 662 2671 imperii
681 2616 824 2672 potuit
842 2618 946 2660 tuba
965 2616 1088 2674 signa
1100 2616 1212 2660 ciere

281 2679 398 2730 Tela,
418 2687 526 2735 quot
542 2680 597 2724 nd
615 2680 740 2725 Fidei
758 2690 897 2726 eastra
915 2682 1060 2726 venire
1079 2683 1243 2726 volunt.

225 2745 426 2801 Namque
445 2746 561 2789 tubae
580 2746 755 2804 clangor
771 2748 972 2792 mortales
990 2748 1152 2792 indicat
1169 2749 1335 2793 hostes:

283 2811 336 2854 In
356 2810 479 2854 sibilo
500 2810 623 2855 Fidei
641 2812 831 2856 creditur
847 2829 938 2857 esse
958 2813 1092 2857 Deus.

224 2876 322 2935 Ipse
342 2884 471 2935 eaput
492 2877 631 2922 Caroli
650 2878 786 2922 cinxit
805 2879 1042 2924 diademate
1062 2879 1223 2924 clarum
