1982 3204
379 257 475 300 260
875 267 1248 302 oBJEcTIONES

132 391 323 419 onmem-10
377 378 548 426 bemur
583 377 742 426 Deum
776 379 864 427 sub
899 379 1109 442 imagine
1144 378 1365 438 adorare,
1401 394 1463 426 ne
1498 378 1649 436 illum,
1674 379 1758 442 qui

133 445 324 515 ,ζμ
376 453 763 517 inconceptibilis
792 463 881 514 est,
905 454 1157 502 videamur
1187 454 1327 502 nobis
1353 454 1622 516 concipere.

442 529 647 577 Videtur
681 546 797 594 ergo
834 530 1015 577 nullam
1058 545 1161 576 esse
1195 529 1245 576 in
1281 529 1421 576 nobis
1456 529 1548 577 Dei
1581 529 1756 578 ideam.

378 604 475 652 Sed
518 606 643 653 sicut
683 622 840 653 caecus
882 613 1039 665 natus,
1074 604 1250 668 saepius
1290 605 1393 667 igni
1433 605 1673 661 admotus,
1708 613 1759 653 et

377 680 588 728 sentiens
614 697 663 728 50
688 682 859 740 calere,
886 682 1110 744 agnoscit
1134 697 1237 728 esse
1262 680 1446 743 aliquid
1470 697 1498 728 a
1521 697 1617 744 quo
1636 680 1758 729 cale·

375 755 532 803 factus
562 763 648 815 est,
679 757 976 820 audiensque
1008 757 1128 804 illud
1160 756 1394 819 appellari
1429 757 1609 819 ignem,
1643 773 1759 804 con-

377 830 528 879 cludit
551 833 716 894 ignem
740 833 960 889 existere,
989 848 1081 879 nec
1111 839 1275 879 tamen
1301 832 1456 894 qualis
1479 833 1650 895 figurae
1674 838 1761 880 aut

377 907 552 955 coloris
576 907 703 970 ignis
737 908 801 955 sit
835 907 1100 971 cognoscit,
1126 907 1203 954 vel
1234 907 1382 954 ullam
1407 908 1606 955 omnino
1630 908 1759 971 ignis

375 982 534 1030 ideam
574 983 652 1030 vel
698 983 958 1046 imaginem
999 982 1161 1030 animo
1202 983 1542 1030 obversantem
1581 983 1758 1032 habet:

376 1057 542 1121 itaque
581 1057 727 1105 homo
764 1073 1061 1120 cognoscens
1094 1057 1271 1105 debere
1302 1073 1407 1105 esse
1447 1074 1643 1106 causam
1675 1058 1758 1106 ali-

377 1149 522 1196 quam
541 1149 735 1180 suarum
754 1133 1022 1196 imaginum
1041 1132 1118 1180 vel
1136 1131 1370 1192 idearum,
1387 1142 1435 1181 et
1455 1149 1613 1181 causae
1631 1134 1760 1182 illius

377 1208 521 1255 aliam
547 1224 742 1256 causam
773 1208 1001 1271 priorem,
1037 1215 1086 1255 et
1117 1208 1186 1255 sic
1217 1209 1468 1266 continuo,
1502 1209 1760 1259 deducitur

376 1283 574 1330 tandem
600 1283 662 1330 ad
684 1284 831 1330 finem
854 1283 954 1330 sive
974 1283 1353 1346 suppositionem
1374 1284 1576 1346 alicujus
1600 1298 1760 1331 causae

379 1367 591 1416 aeternae‚
617 1375 725 1421 quae
750 1358 862 1422 quia
890 1373 1139 1421 nunquam
1163 1359 1310 1421 coepit
1346 1374 1465 1417 esse,
1491 1374 1682 1406 causam
1709 1374 1760 1406 se

377 1433 558 1481 habere
575 1434 785 1497 priorem
811 1450 909 1482 non
936 1441 1112 1497 potest,
1129 1434 1399 1482 necessario
1418 1434 1601 1498 aliquid
1619 1440 1760 1482 aeter-

377 1524 495 1556 num
527 1509 733 1557 existere
774 1508 1044 1557 concludit:
1082 1525 1173 1556 nec
1210 1516 1377 1558 tamen
1414 1509 1574 1557 ideam
1610 1509 1761 1557 ullam

377 1583 540 1643 habet,
566 1601 712 1648 quam
735 1584 889 1648 possit
913 1584 1074 1631 dicere
1099 1599 1203 1632 esse
1228 1584 1389 1632 ideam
1414 1585 1587 1633 aeterni
1613 1585 1760 1643 illius,

382 1659 468 1711 sed
490 1675 594 1708 rem
618 1659 854 1708 creditam
872 1659 949 1708 vel
973 1659 1192 1723 agnitam
1215 1660 1435 1709 nominat
1447 1660 1526 1709 vel
1549 1660 1762 1724 appellat

379 1734 552 1783 Deum.

445 1812 556 1859 Jam
595 1811 823 1874 quoniam
863 1812 1167 1876 expositione
1212 1811 1320 1870 hac,
1357 1810 1489 1875 quod
1527 1811 1762 1859 habemus

379 1886 538 1934 ideam
563 1886 656 1934 Dei
679 1888 730 1934 in
754 1888 916 1935 anima
943 1894 1124 1946 nostra,
1149 1887 1372 1950 procedit
1406 1886 1467 1935 D.
1488 1886 1542 1935 C.
1567 1887 1630 1935 ad
1652 1903 1762 1950 pro-

378 1961 627 2009 bationem
645 1963 788 2026 hujus
808 1963 1139 2020 theorematiS,
1156 1962 1286 2026 quod
1305 1961 1454 2021 DeuS‚
1470 1961 1522 2009 id
1540 1969 1613 2010 est
1631 1978 1762 2010 sum-

380 2052 458 2084 me
481 2045 670 2100 potenS,
687 2038 893 2100 sapiens,
909 2038 1078 2085 mundi
1095 2046 1300 2096 creator,
1321 2038 1517 2085 existat:
1545 2038 1762 2101 oportuit

379 2111 512 2159 illam
530 2112 689 2160 ideam
714 2113 805 2160 Dei
824 2113 995 2160 melius
1021 2112 1276 2175 explicare,
1294 2119 1342 2160 et
1366 2129 1464 2160 non
1482 2112 1628 2160 modo
1646 2112 1761 2160 inde

381 2186 621 2236 deducere
655 2189 804 2252 ipsius
834 2188 1156 2247 existentiam,
1180 2188 1266 2236 sed
1290 2188 1437 2236 etiam
1460 2187 1632 2236 mundi
1656 2203 1761 2236 cre-

379 2262 608 2311 ationem.

909 2393 1229 2428 RESPONSIO.

447 2481 544 2529 Hic
567 2480 763 2528 nomine
787 2480 914 2527 idece
935 2480 1040 2527 vult
1072 2486 1263 2527 tantum
1293 2477 1498 2541 intelligi
1523 2478 1759 2543 imagines

378 2572 541 2605 rerum
565 2555 886 2604 materialium
909 2556 958 2603 in
982 2554 1239 2618 phantasia
1257 2569 1492 2616 corporea
1515 2554 1759 2618 depictas:

379 2647 476 2696 quo
499 2632 674 2695 posito,
692 2631 835 2679 facile
859 2631 928 2679 illi
953 2638 1026 2679 est
1047 2630 1254 2694 probare
1276 2629 1459 2677 nullam
1483 2630 1645 2694 angeli
1668 2647 1760 2679 nec

378 2707 469 2756 Dei
492 2707 652 2756 ideam
675 2722 778 2755 esse
807 2721 965 2770 posse.
1034 2705 1186 2768 Atqui
1219 2720 1310 2768 ego
1341 2705 1524 2768 passim
1560 2706 1756 2770 ubique,

378 2802 436 2834 ac
469 2787 712 2851 praecipue
747 2786 841 2834 hoc
875 2786 980 2849 ipso
1004 2785 1054 2832 in
1088 2784 1213 2842 1000,
1238 2784 1444 2831 ostendo
1478 2801 1554 2832 me
1579 2801 1758 2833 nomen

379 2862 501 2910 ideae
524 2877 713 2910 sumere
737 2877 826 2925 pro
851 2860 983 2909 omni
1007 2876 1064 2908 eo
1083 2859 1214 2923 quod
1238 2859 1518 2909 immediate
1542 2877 1572 2909 a
1594 2868 1757 2910 mente
