1982 3204
737 256 1032 291 amsTOLAE.
1477 250 1568 293 281

186 365 294 432 guit
317 383 426 418 eam
458 384 569 432 quae
608 370 665 417 fit
696 368 892 433 quando
924 384 1102 432 corpus
1139 377 1324 416 motum
1356 379 1578 433 permeat
1617 378 1641 403 ‘
1643 378 1728 405 m..
1731 386 1795 405 ¹⁸¹⁸
1798 377 1817 405 ¹

189 444 350 492 media
371 445 432 493 ab
450 461 508 493 ea
522 461 632 508 quae
654 446 711 493 fit
736 444 931 509 qnando
956 460 1055 492 non
1079 453 1334 507 permeat:
1371 453 1576 509 utraque
1620 420 1820 487 Q

186 521 318 568 enim
346 521 403 569 fit
426 536 592 569 versus
615 521 819 569 eandem
842 530 1050 584 partem,
1074 536 1104 567 a
1127 535 1332 582 corpore
1358 521 1576 583 eJusdem

186 597 396 659 generis.
466 597 571 644 Nec
594 597 712 645 satis
734 596 973 645 intellexit
1009 612 1067 644 ea
1090 611 1199 658 quae
1223 595 1395 658 scripsi
1423 612 1482 645 ea
1514 597 1577 644 de

186 687 257 719 re.
326 671 438 719 Non
475 673 604 719 enim
645 672 756 720 dico
796 672 960 719 lumen
999 670 1189 719 facilius
1224 655 1576 734 propagari'in

188 746 341 795 denso
367 763 512 810 quam
535 747 585 794 in
610 763 721 794 raro
743 765 754 794 z
792 746 878 794 sed
906 746 956 793 in
983 746 1105 793 duro
1133 746 1205 805 (in
1229 761 1342 809 quo,
1375 746 1576 804 scilicet,

187 822 392 870 materia
415 821 607 869 subtilis
631 837 729 869 non
755 821 1085 869 communicat
1109 828 1295 868 motum
1326 836 1467 868 suum
1491 836 1578 883 pa-

187 896 391 945 rietibus
414 904 660 944 meatuum
683 897 860 959 quibus
884 897 1034 953 inest)
1057 912 1203 960 quam
1226 896 1275 943 in
1302 895 1451 954 molli,
1477 896 1578 943 sive

187 972 283 1022 hoc
306 972 371 1020 sit
394 971 550 1019 rarius
582 971 683 1019 sive
724 971 937 1019 densius.
1009 971 1280 1034 Habeoque
1305 971 1409 1034 ejus
1432 970 1504 1018 rei
1529 979 1580 1018 et

187 1047 536 1112 experientiam
582 1054 632 1095 et
678 1047 1163 1104 demonstrationem,
1218 1054 1320 1094 tam
1367 1045 1428 1093 de
1473 1045 1579 1109 ipso

186 1122 369 1171 lumine
394 1138 541 1186 quam
566 1122 628 1170 de
651 1124 937 1187 corporibus
968 1139 1077 1187 quae
1114 1131 1252 1170 tactu
1283 1122 1577 1170 sentiuntur.

186 1198 294 1247 Nec
315 1198 445 1246 valet
469 1198 693 1262 exceptio
717 1215 778 1247 ex
801 1200 980 1263 tapetis
1000 1199 1264 1262 asperitate
1288 1197 1578 1260 desumpta:

185 1274 238 1322 in
260 1282 425 1338 tapete
458 1274 588 1322 enim
622 1290 682 1322 ex
715 1274 871 1323 serico
895 1274 971 1322 vel
1013 1274 1147 1322 corio
1174 1273 1307 1322 nullo
1332 1273 1478 1321 modo
1502 1289 1579 1322 as·

185 1364 321 1412 pero,
346 1348 475 1396 idem
498 1349 769 1411 continget.

256 1423 403 1473 Quod
426 1424 496 1471 ait
520 1424 581 1471 ab
606 1424 764 1472 amico
790 1439 878 1471 suo
908 1438 1012 1471 esse
1048 1423 1453 1480 demonstratum,
1478 1437 1580 1471 non

184 1498 320 1547 vidi.
346 1514 437 1547 nec
460 1498 572 1547 ideo
596 1515 793 1562 possum
818 1498 878 1546 de
897 1515 955 1547 eo
974 1498 1214 1562 judicare.
1284 1499 1442 1546 Miror
1462 1514 1579 1546 vero

188 1574 321 1639 quod
354 1574 617 1638 subjungat
652 1590 810 1622 meam
847 1574 1311 1622 demonstrationem
1346 1590 1446 1621 non
1471 1588 1580 1622 esse

0 1700 10 1707 ,,
187 1650 471 1715 legitimam,
496 1666 609 1698 cum
631 1657 799 1697 tamen
834 1650 957 1697 nihil
991 1649 1136 1713 plane
1171 1650 1345 1697 afferat
1374 1649 1439 1697 ad
1470 1665 1580 1697 eam

0 1710 15 1779 ἓ,
187 1725 586 1790 impugnandam,
610 1725 703 1772 nisi
730 1725 863 1788 quod
888 1725 1022 1772 dicat
1053 1725 1275 1788 quaedam
1306 1740 1579 1788 repugnare

0 1794 4 1817 ³
186 1800 518 1865 experientiae,
548 1816 658 1864 quae
695 1817 807 1848 cum
845 1800 1148 1864 experientia
1184 1800 1498 1848 consentiunt
1529 1807 1581 1848 et

187 1886 303 1925 sunt
323 1877 593 1925 verissima.
665 1876 763 1924 Sed
791 1892 889 1924 non
915 1877 1110 1924 videtur
1140 1876 1408 1925 advertisse
1440 1875 1580 1923 diffe-

0 1943 15 2002 Ξῖ
187 1953 396 2001 rentiam
411 1968 521 2016 quae
540 1960 615 1999 est
633 1951 764 1999 inter
782 1951 1129 2000 refractionem
1150 1951 1262 2014 pilae
1277 1950 1579 2015 aliorumque

0 2026 6 2042 '‘
188 2043 446 2092 corporum
485 2028 535 2075 in
566 2043 743 2090 aquam
776 2027 1115 2085 incidentium,
1153 2035 1202 2075 et
1232 2027 1579 2075 refractionem

186 2103 402 2152 luminis.
470 2103 648 2163 Primo,
674 2103 789 2166 quia
815 2118 914 2150 una
944 2102 1172 2150 refractio
1196 2103 1252 2150 fit
1276 2118 1445 2150 versus
1468 2118 1581 2165 per-

187 2179 568 2242 pendicularem,
592 2178 690 2226 alia
716 2177 863 2226 modo
894 2178 1161 2226 contrario.
1228 2178 1293 2226 Et
1315 2194 1427 2225 cum
1455 2177 1581 2226 radii

188 2254 384 2303 luminis
406 2254 553 2302 tertia
576 2254 651 2302 sui
686 2253 898 2317 impetus
932 2261 1088 2317 parte,
1113 2262 1200 2301 aut
1223 2253 1435 2311 circiter,
1459 2253 1579 2301 faci-

188 2329 282 2378 lius
313 2345 401 2393 per
431 2335 609 2394 aquam
642 2338 896 2380 transeant
927 2345 1073 2393 quam
1107 2345 1196 2392 per
1229 2330 1442 2387 aerem*,
1478 2345 1578 2376 non

190 2413 355 2453 tamen
370 2404 480 2453 ideo
494 2404 594 2468 pila
613 2404 841 2452 mulctari
856 2404 1004 2452 debet
1021 2405 1083 2452 ab
1099 2404 1270 2452 eadem
1288 2420 1416 2468 aqua
1433 2404 1581 2453 tertia

189 2489 332 2544 parte
365 2496 464 2528 suae
494 2480 801 2528 velocitatis:
835 2480 1063 2543 nullaque
1097 2488 1172 2528 est
1203 2481 1331 2528 inter
1362 2480 1454 2528 ista
1482 2480 1580 2528 duo

191 2555 445 2603 connexio.
514 2554 705 2603 Deinde
734 2555 848 2619 quia
877 2555 1042 2603 lumen
1067 2555 1263 2618 quidem
1294 2554 1453 2603 debile
1481 2571 1581 2603 non

190 2628 257 2677 ad
274 2629 395 2678 alios
417 2630 623 2693 angulos
647 2646 796 2694 quam
818 2630 962 2686 forte,
979 2631 1041 2678 ab
1065 2630 1236 2678 eadem
1260 2646 1388 2694 aqua
1409 2629 1582 2678 refrin-

189 2705 341 2767 gitur.
411 2704 509 2753 Sed
531 2705 678 2769 plane
709 2705 842 2754 aliud
875 2714 952 2754 est
976 2705 1037 2754 de
1060 2706 1175 2769 pila,
1200 2721 1307 2768 quae
1330 2721 1509 2768 magna
1532 2704 1580 2751 vi

194 2780 245 2827 in
269 2795 446 2842 aquam
469 2779 677 2843 impulsa
706 2797 807 2830 non
838 2789 978 2829 tanta
1009 2790 1148 2845 parte
1184 2797 1285 2829 suae
1309 2780 1582 2828 velocitatis

822 2906 847 2929 ⁸
868 2905 946 2945 Sic.
