1982 3204
393 253 491 298 210
694 260 983 295 PRINcu‘lA
1010 258 1077 292 ET
1103 253 1473 290 PROBLEMATA

155 393 335 420 effluxu.
393 381 506 423 sunt
540 373 770 438 aquales.
843 372 975 427 Quid
1010 378 1084 419 est
1116 369 1323 432 angulus
1348 371 1603 415 contactus
1627 365 1778 413 circu-

147 438 344 510 m,
393 450 544 499 laris?
613 450 786 498 Oratio
809 449 917 512 ipsa
940 445 1291 510 inexplicabilis
1316 450 1404 492 est.

462 541 539 574 IV.
577 522 1023 590 Appropinquatio
1049 528 1240 569 oeterna
1277 519 1486 567 duarum
1522 516 1780 574 linearum,

395 617 658 650 concursus
693 607 856 648 tamen
890 595 1224 662 impossibilis,
1250 611 1419 659 nempe
1451 597 1781 656 asymptotwn.

398 677 561 740 Hujus
602 690 748 724 causa
789 674 1032 738 explicata
1070 687 1217 734 supra
1256 677 1331 718 est
1366 669 1417 717 in
1457 666 1782 732 paralogismo

398 751 621 800 Zenonis,

466 842 519 875 v.
545 826 771 889 Affectus
793 824 1058 872 surdarum
1081 828 1131 870 et
1153 818 1520 869 irrationalium
1535 817 1787 882 quantita-

400 908 499 950 tum
539 907 632 949 etc.
702 899 834 947 Hoec
878 898 1040 946 omnia
1080 897 1156 945 ita
1196 896 1534 944 demonstrata
1569 898 1698 952 sunt,
1731 899 1787 940 ut

398 975 581 1040 negari
603 991 699 1023 non
714 978 952 1039 possunt:
988 978 1039 1020 et
1070 970 1227 1019 multa
1250 969 1372 1028 alia,
1397 985 1500 1033 qua>
1523 974 1683 1016 tamen
1717 966 1787 1015 in-

400 1049 744 1116 explicabilia,
754 1045 1281 1112 incomprehensibilia,
1295 1042 1649 1109 incogitabilia
1661 1048 1788 1090 sunt.

402 1127 644 1176 Quaenam
689 1132 856 1173 autem
901 1129 1017 1171 sunt
1060 1122 1154 1170 illae
1198 1120 1359 1169 surdae
1395 1129 1446 1167 et
1482 1118 1788 1167 irrationales

400 1201 730 1266 quantitates?
802 1198 1054 1248 Quasdam
1077 1213 1184 1246 esse
1208 1196 1504 1260 quantitates
1532 1193 1790 1242 continuas

402 1294 513 1341 quae
553 1276 794 1325 rationem
830 1274 1023 1322 numeri
1062 1273 1126 1321 ad
1161 1287 1420 1321 numerum
1453 1286 1554 1319 non
1590 1269 1788 1328 habent,

401 1369 548 1401 nemo
573 1351 731 1400 nescit
754 1349 1144 1407 mathematicus,
1169 1354 1220 1396 et
1242 1347 1408 1396 vocari
1432 1347 1791 1394 incommensu-

403 1428 598 1476 rabiles.
670 1426 769 1474 Sed
804 1441 972 1474 earum
1006 1424 1155 1473 etiam
1185 1440 1294 1487 quae
1332 1419 1791 1470 commensurabiles

403 1503 534 1551 inter
561 1519 612 1551 se
645 1509 775 1560 sunt,
804 1500 971 1548 multae
1003 1507 1120 1548 sunt
1147 1497 1476 1548 irrationales:
1513 1497 1628 1560 quia
1661 1511 1793 1543 com-

403 1578 753 1627 mensurabiles
797 1577 928 1624 inter
965 1591 1016 1624 se
1058 1590 1338 1639 quanquam
1378 1573 1493 1631 sint,
1530 1571 1793 1636 quantitati

404 1661 572 1702 tamen
607 1653 753 1702 alicui
787 1651 1043 1700 arbitrarie
1078 1657 1287 1713 sumptae
1332 1647 1793 1697 commensurabiles

403 1746 505 1778 non
529 1737 659 1787 sunt,
687 1729 918 1776 dicuntur
944 1742 1049 1775 esse
1073 1725 1387 1774 rationales*.

472 1820 549 1854 VI.
587 1803 881 1868 Intelligine
904 1807 1135 1867 possunt,
1170 1806 1221 1848 et
1246 1799 1407 1865 plane
1435 1797 1793 1864 comprehendi,

405 1879 638 1945 exprimi,
654 1886 704 1927 et
718 1877 969 1943 explicari
992 1878 1043 1926 in
1060 1875 1272 1925 numeris
1290 1875 1571 1940 affectiones
1589 1874 1795 1923 unitatis

405 1962 455 2004 et
478 1954 719 2003 ternarii:
750 1959 805 2001 ut
839 1958 972 2001 esset
1006 1952 1056 2000 in
1080 1958 1265 2000 natura
1287 1951 1544 2016 quantitas
1566 1967 1682 2008 una,
1705 1967 1795 1999 nec

407 2031 531 2090 alia,
551 2046 651 2094 quoe
669 2045 775 2078 cum
793 2027 899 2076 suis
914 2026 1249 2093 potestatibus
1268 2026 1474 2090 infinitis
1491 2025 1796 2074 ascendenti-

407 2106 495 2154 bus
515 2112 566 2154 et
587 2103 849 2153 radicibus
872 2103 1277 2152 descendentibus
1300 2118 1461 2150 omnes
1484 2107 1646 2150 essent
1667 2101 1798 2150 inter

408 2198 465 2229 se
487 2179 741 2245 aequale-9⁴²,
758 2177 839 2227 vel
856 2178 1027 2243 potius
1049 2178 1204 2226 idem?
1273 2178 1436 2226 Verba
1457 2178 1564 2241 ipsa
1580 2177 1797 2225 obscuri-

407 2257 580 2306 uscula
602 2263 739 2303 sunt:
775 2254 862 2303 sed
885 2253 937 2302 id
968 2253 1100 2317 quod
1127 2253 1314 2302 dictum
1346 2253 1517 2310 voluit,
1540 2259 1678 2316 puto,
1702 2253 1796 2300 hoc

411 2339 500 2381 est.
569 2331 693 2379 Cum
729 2337 945 2393 potestas
986 2327 1227 2392 quadrata
1259 2328 1450 2376 numeri
1485 2335 1535 2376 et
1564 2343 1796 2376 numerus

409 2406 693 2472 quadratus,
711 2406 831 2453 item
853 2410 1071 2468 potestas
1095 2403 1311 2452 secunda
1328 2411 1378 2452 et
1394 2419 1627 2452 numerus
1644 2403 1797 2451 cubus

410 2491 523 2542 etc„
539 2480 860 2531 arithmeticis
877 2479 1008 2528 idem
1026 2480 1113 2535 sit3
1137 2487 1188 2527 et
1206 2479 1346 2527 radix
1363 2478 1554 2527 numeri
1573 2478 1799 2543 quadrati

411 2572 643 2608 numerus
666 2556 748 2605 ille
766 2556 960 2605 dicatur
976 2554 1060 2619 qui
1082 2554 1432 2617 multiplicatus
1450 2554 1501 2602 in
1519 2570 1570 2602 se
1588 2554 1798 2618 aliquem

411 2634 591 2689 efficit;
627 2640 678 2681 et
714 2631 853 2680 radix
886 2630 1078 2679 numeri
1102 2629 1214 2678 cubi
1241 2629 1372 2678 idem
1405 2629 1537 2694 quod
1567 2645 1799 2679 numerus

411 2709 492 2758 ille
516 2708 599 2773 qui
621 2707 970 2772 multiplicatus
993 2706 1044 2754 in
1067 2722 1119 2754 se
1143 2713 1194 2754 et
1229 2721 1395 2754 rursus
1425 2707 1476 2754 iu
1505 2706 1799 2770 productum

930 2867 950 2891 ³
983 2865 1049 2906 Sic
1067 2866 1158 2904 edit.
1184 2864 1296 2905 1674.
